3386 5046
822 552 860 610 33

274 756 309 799 se
336 755 487 813 comparo
512 739 614 812 atque
633 739 794 811 quantum
815 738 932 812 potest,
956 738 1126 798 adrerum
1148 739 1408 813 probabilitatem

274 847 375 922 exigo,
420 861 457 905 eo
499 846 605 919 magis
639 845 773 918 despero
805 845 1028 920 discrepantia,
1061 861 1160 919 quam
1192 846 1293 906 Varro
1325 848 1408 906 inter

273 953 482 1014 Menandrum
497 953 529 1010 et
545 953 733 1012 Terentium
746 952 912 1026 invenerit,
925 952 1054 1026 reperiri
1066 953 1204 1027 amplius
1216 969 1311 1033 posse
1325 970 1408 1028 quae

274 1061 378 1120 fuerit.
419 1060 549 1120 Etenim
581 1060 608 1118 si
639 1065 755 1119 notum
788 1060 884 1133 esset,
917 1074 958 1117 ex
987 1074 1050 1133 quo
1078 1059 1232 1122 Varronis
1257 1061 1346 1135 libro,
1370 1062 1408 1120 de

273 1183 307 1226 16
333 1167 461 1227 scenica
488 1167 521 1226 in
550 1167 738 1226 universum
766 1166 818 1224 vel
845 1166 884 1224 de
905 1165 1070 1226 comoedia
1091 1166 1194 1226 latina
1214 1168 1266 1226 vel
1287 1169 1326 1226 de
1346 1183 1408 1226 ser·

274 1288 370 1333 mone
388 1273 499 1347 latino,
522 1275 601 1332 haec
622 1273 739 1332 notitia
759 1271 916 1347 fluxisset,
939 1270 1192 1347 filumquemvis
1206 1275 1407 1334 tenuenobis

274 1381 500 1455 suppeditaret,
523 1395 585 1456 quo
606 1380 745 1453 vestigia
765 1393 949 1453 regeramus
970 1379 1003 1437 in
1024 1380 1084 1440 hoc
1098 1381 1313 1440 inextricabili
1327 1382 1408 1441 coni-

275 1487 458 1546 ecturarum
486 1486 687 1560 labyrinth03
717 1469 884 1546 fatendum
909 1501 985 1546 vero
1007 1486 1039 1544 id
1060 1485 1155 1560 plane
1171 1502 1230 1547 nos
1251 1487 1407 1561 ignorare.

275 1593 388 1666 Itaque
419 1609 494 1652 cum
525 1608 576 1654 res
605 1593 651 1651 sic
673 1608 709 1651 se
729 1594 857 1668 habeat,
881 1595 937 1652 aut
959 1609 1077 1654 manus
1100 1594 1309 1654 abstinendae
1329 1594 1406 1652 sunt

275 1701 332 1758 aut
353 1701 471 1759 saltem
493 1700 682 1774 cavendum,
702 1715 743 1758 ne
762 1701 903 1760 Terentii
922 1701 1067 1760 fabulam
1086 1701 1356 1774 contorqueamus
1375 1701 1407 1758 et

275 1808 466 1880 argumenta
488 1807 527 1866 ad
548 1807 746 1867 sententiam
767 1807 1037 1881 qualemcumque
1053 1823 1109 1882 pro
1120 1807 1224 1866 lubitu
1235 1806 1406 1880 fingamus.

733 2129 945 2136 ——-.--...-.-.-

764 2465 873 2524 011111
895 2466 923 2524 3.

726 2652 773 2710 Du
795 2651 952 2711 Hneroun.

785 2813 892 2820 ..——-

314 2981 471 3054 Sostrata,
499 2981 685 3054 Pamphilae
706 2982 821 3054 mater,
844 2995 975 3038 servum
998 2995 1096 3038 suum
1117 2981 1234 3040 Getam
1256 2981 1302 3039 sio
1325 2963 1413 3040 adloss

273 3063 381 3160 quitur
401 3103 432 3146 1.
454 3088 510 3146 351
534 3103 602 3160 sqq.
988 3067 989 3072 ἵ

393 3195 451 3267 Tu,
476 3195 636 3267 quantum
657 3194 773 3268 potest,

272 3300 333 3358 Abi
355 3301 452 3374 atque
473 3300 609 3375 Hegioni
630 3302 768 3374 cognato
786 3301 881 3359 huius
896 3315 965 3358 rem
977 3302 1125 3360 enarrate
1141 3316 1271 3360 omnem
1287 3287 1404 3360 ordine.

271 3407 356 3466 Nam
376 3407 405 3465 is
427 3408 538 3468 nostro
561 3407 683 3468 Simulo
706 3407 766 3468 suit
788 3421 939 3465 summus
961 3407 992 3465 et
1014 3421 1073 3466 nos
1096 3406 1195 3466 coluit
1216 3407 1371 3466 maxime.

312 3513 358 3572 Ibi
390 3514 536 3574 Donatus
567 3515 758 3574 brevissime
789 3514 835 3572 sic
868 3513 1018 3574 adnotat:
1053 3513 1163 3588 „Apud
1195 3513 1405 3572 Menandrum

199 3699 201 3702 Ι
274 3619 431 3680 Sostratae
447 3621 551 3696 frater
571 3620 761 3680 inducitur.''
780 3622 849 3696 Qua
873 3635 948 3680 vero
970 3621 1095 3680 ratione
1116 3620 1218 3693 Hegio
1238 3621 1405 3679 Sostratae

272 3741 373 3800 genus
406 3726 489 3800 apud
521 3728 709 3787 Terentium
740 3727 901 3801 adtingit?
931 3728 1072 3800 Apparet
1103 3727 1287 3785 evereibus
1308 3741 1406 3800 supra

272 3833 422 3908 laudatis
444 3833 570 3893 collatis
588 3848 663 3892 cum
674 3835 775 3894 1494
789 3835 970 3908 „cognatus
983 3833 1145 3904 (Simulus)
1159 3833 1238 3891 mihi
1249 3833 1404 3907 (Hegioni)

273 3940 361 4000 erat'’
383 3942 466 4000 etv,
488 3943 546 4000 947
570 3941 689 4014 „Hegio
712 3942 869 4014 cognatus
890 3941 941 4000 his
954 3939 1213 4014 estproximus”,
1226 3939 1405 4012 Hegionem

272 4047 304 4106 in
332 4047 442 4106 fabula
461 4046 564 4106 latina
584 4063 649 4106 non
670 4049 838 4107 Sostratae
858 4047 1070 4121 propinquum
1092 4045 1177 4120 fingi,
1201 4045 1257 4104 sed
1281 4044 1404 4104 Simnli.

312 4155 443 4212 Diverso
458 4155 622 4212 statutum
634 4155 684 4212 est
696 4170 715 4213 a
729 4155 806 4213 viris
822 4154 924 4214 doctis
939 4154 1108 4225 decausis
1124 4154 1240 4226 quibus
1254 4152 1404 4211 inductus

274 4261 442 4319 Terentius
464 4261 628 4334 exemplar
648 4276 800 4334 graecum
821 4261 1072 4320 immutaverit.-
1090 4260 1272 4319 Nemodum
1292 4259 1405 4317 tamen
