<?xml version="1.0" encoding="UTF-8"?>
<!DOCTYPE html PUBLIC "-//W3C//DTD XHTML 1.0 Transitional//EN"
    "http://www.w3.org/TR/xhtml1/DTD/xhtml1-transitional.dtd">
<html xmlns="http://www.w3.org/1999/xhtml" xml:lang="en" lang="en">
 <head>
  <title>
</title>
<meta http-equiv="Content-Type" content="text/html;charset=utf-8" />
  <meta name='ocr-system' content='tesseract 3.04.00' />
  <meta name='ocr-capabilities' content='ocr_page ocr_carea ocr_par ocr_line ocrx_word'/>
</head>
<body>
  <div class='ocr_page' id='page_1' title='image "./questionesteren00sipkgoog_0126.png"; bbox 0 0 3368 5046; ppageno 0'>
   <div class='ocr_carea' id='block_1_1' title="bbox 447 979 1220 1175">
    <p class='ocr_par' dir='ltr' id='par_1_1' title="bbox 447 979 1220 1175">
     <span class='ocr_line' id='line_1_1' title="bbox 447 979 1220 1056; baseline 0.003 -17"><span class='ocrx_word' id='word_1_1' title='bbox 447 979 520 1054; x_wconf 45' lang='lat' dir='ltr'>,hle</span> <span class='ocrx_word' id='word_1_2' title='bbox 542 979 805 1041; x_wconf 77' lang='lat' dir='ltr'>OECONOMIAE</span> <span class='ocrx_word' id='word_1_3' title='bbox 829 980 958 1040; x_wconf 82' lang='lat' dir='ltr'><strong>VITIIS</strong></span> <span class='ocrx_word' id='word_1_4' title='bbox 980 981 1220 1056; x_wconf 80' lang='lat' dir='ltr'><strong>QUIBUSDAM</strong></span> 
     </span>
     <span class='ocr_line' id='line_1_2' title="bbox 570 1114 1123 1175; baseline 0.002 -2"><span class='ocrx_word' id='word_1_5' title='bbox 570 1114 613 1174; x_wconf 88' lang='lat' dir='ltr'>IN</span> <span class='ocrx_word' id='word_1_6' title='bbox 640 1114 846 1174; x_wconf 84' lang='lat' dir='ltr'>ADELPHIS</span> <span class='ocrx_word' id='word_1_7' title='bbox 876 1115 928 1174; x_wconf 82' lang='grc' dir='ltr'>ΕΤ</span> <span class='ocrx_word' id='word_1_8' title='bbox 951 1115 1123 1175; x_wconf 88' lang='lat' dir='ltr'>ANDRIA.</span> 
     </span>
    </p>
   </div>
   <div class='ocr_carea' id='block_1_2' title="bbox 795 1302 901 1309">
    <p class='ocr_par' dir='ltr' id='par_1_2' title="bbox 795 1302 901 1309">
     <span class='ocr_line' id='line_1_3' title="bbox 795 1302 901 1309; baseline 0 -1"><span class='ocrx_word' id='word_1_9' title='bbox 795 1302 901 1309; x_wconf 78' lang='lat'>———</span> 
     </span>
    </p>
   </div>
   <div class='ocr_carea' id='block_1_3' title="bbox 130 1478 1421 2090">
    <p class='ocr_par' dir='ltr' id='par_1_3' title="bbox 130 1478 1421 2090">
     <span class='ocr_line' id='line_1_4' title="bbox 130 1478 1421 1556; baseline 0.002 -19"><span class='ocrx_word' id='word_1_10' title='bbox 130 1509 136 1518; x_wconf 94' lang='lat'><em>·</em></span> <span class='ocrx_word' id='word_1_11' title='bbox 200 1519 206 1528; x_wconf 50' lang='lat'><em>1</em></span> <span class='ocrx_word' id='word_1_12' title='bbox 320 1478 519 1554; x_wconf 81' lang='lat' dir='ltr'>Quicumque</span> <span class='ocrx_word' id='word_1_13' title='bbox 550 1479 676 1538; x_wconf 86' lang='lat' dir='ltr'>attente</span> <span class='ocrx_word' id='word_1_14' title='bbox 707 1478 813 1539; x_wconf 89' lang='lat' dir='ltr'>Plauti</span> <span class='ocrx_word' id='word_1_15' title='bbox 843 1479 1036 1552; x_wconf 81' lang='lat' dir='ltr'>Terentique</span> <span class='ocrx_word' id='word_1_16' title='bbox 1063 1479 1245 1539; x_wconf 79' lang='lat' dir='ltr'>comoedias</span> <span class='ocrx_word' id='word_1_17' title='bbox 1267 1479 1421 1556; x_wconf 80' lang='lat' dir='ltr'>perlegit,¹</span> 
     </span>
     <span class='ocr_line' id='line_1_5' title="bbox 279 1584 1413 1661; baseline 0.004 -17"><span class='ocrx_word' id='word_1_18' title='bbox 279 1601 344 1646; x_wconf 94' lang='lat' dir='ltr'>non</span> <span class='ocrx_word' id='word_1_19' title='bbox 385 1585 433 1645; x_wconf 85' lang='lat' dir='ltr'>ita</span> <span class='ocrx_word' id='word_1_20' title='bbox 467 1600 540 1644; x_wconf 90' lang='lat' dir='ltr'>raro</span> <span class='ocrx_word' id='word_1_21' title='bbox 576 1585 806 1644; x_wconf 86' lang='lat' dir='ltr'>animadvertit</span> <span class='ocrx_word' id='word_1_22' title='bbox 843 1585 899 1644; x_wconf 87' lang='lat' dir='ltr'>aut</span> <span class='ocrx_word' id='word_1_23' title='bbox 936 1584 1063 1644; x_wconf 80' lang='lat' dir='ltr'>fabulae</span> <span class='ocrx_word' id='word_1_24' title='bbox 1097 1587 1337 1661; x_wconf 83' lang='lat' dir='ltr'>chronologiam</span> <span class='ocrx_word' id='word_1_25' title='bbox 1373 1588 1413 1648; x_wconf 90' lang='lat' dir='ltr'>ad</span> 
     </span>
     <span class='ocr_line' id='line_1_6' title="bbox 279 1691 1414 1768; baseline 0.003 -17"><span class='ocrx_word' id='word_1_26' title='bbox 279 1692 436 1768; x_wconf 89' lang='lat' dir='ltr'>liquidum</span> <span class='ocrx_word' id='word_1_27' title='bbox 466 1691 595 1766; x_wconf 88' lang='lat' dir='ltr'>perduci</span> <span class='ocrx_word' id='word_1_28' title='bbox 625 1691 682 1750; x_wconf 86' lang='lat' dir='ltr'>vix</span> <span class='ocrx_word' id='word_1_29' title='bbox 714 1707 809 1765; x_wconf 86' lang='lat' dir='ltr'>possa</span> <span class='ocrx_word' id='word_1_30' title='bbox 831 1691 941 1751; x_wconf 89' lang='lat' dir='ltr'>autin</span> <span class='ocrx_word' id='word_1_31' title='bbox 962 1693 1057 1751; x_wconf 88' lang='lat' dir='ltr'>rebus</span> <span class='ocrx_word' id='word_1_32' title='bbox 1078 1693 1167 1766; x_wconf 76' lang='lat' dir='ltr'>ipsiS,</span> <span class='ocrx_word' id='word_1_33' title='bbox 1189 1709 1272 1766; x_wconf 86' lang='lat' dir='ltr'>quae</span> <span class='ocrx_word' id='word_1_34' title='bbox 1293 1695 1414 1767; x_wconf 82' lang='lat' dir='ltr'>specta·</span> 
     </span>
     <span class='ocr_line' id='line_1_7' title="bbox 278 1799 1413 1873; baseline 0.004 -17"><span class='ocrx_word' id='word_1_35' title='bbox 278 1799 403 1858; x_wconf 86' lang='lat' dir='ltr'>toribus</span> <span class='ocrx_word' id='word_1_36' title='bbox 431 1799 630 1873; x_wconf 82' lang='lat' dir='ltr'>enarrantur,</span> <span class='ocrx_word' id='word_1_37' title='bbox 662 1799 778 1872; x_wconf 89' lang='lat' dir='ltr'>inesse,</span> <span class='ocrx_word' id='word_1_38' title='bbox 800 1813 884 1871; x_wconf 84' lang='lat' dir='ltr'>quae</span> <span class='ocrx_word' id='word_1_39' title='bbox 905 1813 1017 1857; x_wconf 91' lang='lat' dir='ltr'>secum</span> <span class='ocrx_word' id='word_1_40' title='bbox 1039 1800 1191 1872; x_wconf 88' lang='lat' dir='ltr'>pugnent.</span> <span class='ocrx_word' id='word_1_41' title='bbox 1231 1800 1281 1859; x_wconf 74' lang='lat' dir='ltr'>lix</span> <span class='ocrx_word' id='word_1_42' title='bbox 1307 1801 1413 1860; x_wconf 90' lang='lat' dir='ltr'>Plauti</span> 
     </span>
     <span class='ocr_line' id='line_1_8' title="bbox 280 1901 1415 1980; baseline 0.004 -17"><span class='ocrx_word' id='word_1_43' title='bbox 280 1904 397 1964; x_wconf 80' lang='lat' dir='ltr'>fabulis</span> <span class='ocrx_word' id='word_1_44' title='bbox 437 1904 543 1964; x_wconf 88' lang='lat' dir='ltr'>multa</span> <span class='ocrx_word' id='word_1_45' title='bbox 578 1905 726 1979; x_wconf 83' lang='lat' dir='ltr'>exempla</span> <span class='ocrx_word' id='word_1_46' title='bbox 761 1904 887 1978; x_wconf 83' lang='lat' dir='ltr'>collegit</span> <span class='ocrx_word' id='word_1_47' title='bbox 930 1906 963 1965; x_wconf 90' lang='lat' dir='ltr'>P.</span> <span class='ocrx_word' id='word_1_48' title='bbox 999 1906 1135 1964; x_wconf 71' lang='lat' dir='ltr'>Laronu</span> <span class='ocrx_word' id='word_1_49' title='bbox 1183 1901 1415 1980; x_wconf 81' lang='lat' dir='ltr'>(Plautinische</span> 
     </span>
     <span class='ocr_line' id='line_1_9' title="bbox 281 2011 1412 2090; baseline 0.003 -20"><span class='ocrx_word' id='word_1_50' title='bbox 281 2011 432 2086; x_wconf 81' lang='lat' dir='ltr'>Studien),</span> <span class='ocrx_word' id='word_1_51' title='bbox 464 2011 497 2070; x_wconf 93' lang='lat' dir='ltr'>in</span> <span class='ocrx_word' id='word_1_52' title='bbox 529 2011 678 2071; x_wconf 76' lang='lat' dir='ltr'>&#39;Ferentio</span> <span class='ocrx_word' id='word_1_53' title='bbox 710 2026 787 2070; x_wconf 87' lang='lat' dir='ltr'>vero</span> <span class='ocrx_word' id='word_1_54' title='bbox 817 2012 878 2071; x_wconf 93' lang='lat' dir='ltr'>hoc</span> <span class='ocrx_word' id='word_1_55' title='bbox 909 2012 1084 2072; x_wconf 90' lang='lat' dir='ltr'>nemodum</span> <span class='ocrx_word' id='word_1_56' title='bbox 1122 2012 1226 2072; x_wconf 86' lang='lat' dir='ltr'>facere</span> <span class='ocrx_word' id='word_1_57' title='bbox 1247 2014 1412 2090; x_wconf 85' lang='lat' dir='ltr'>sustinuit,</span> 
     </span>
    </p>
   </div>
   <div class='ocr_carea' id='block_1_4' title="bbox 279 2118 1419 4322">
    <p class='ocr_par' dir='ltr' id='par_1_4' title="bbox 279 2118 1415 2728">
     <span class='ocr_line' id='line_1_10' title="bbox 280 2118 1414 2193; baseline 0.003 -17"><span class='ocrx_word' id='word_1_58' title='bbox 280 2132 481 2193; x_wconf 86' lang='lat' dir='ltr'>quamquam</span> <span class='ocrx_word' id='word_1_59' title='bbox 514 2118 597 2192; x_wconf 89' lang='lat' dir='ltr'>apud</span> <span class='ocrx_word' id='word_1_60' title='bbox 629 2133 704 2176; x_wconf 90' lang='lat' dir='ltr'>eum</span> <span class='ocrx_word' id='word_1_61' title='bbox 735 2133 863 2191; x_wconf 87' lang='lat' dir='ltr'>quoque</span> <span class='ocrx_word' id='word_1_62' title='bbox 895 2120 1045 2178; x_wconf 86' lang='lat' dir='ltr'>accurate</span> <span class='ocrx_word' id='word_1_63' title='bbox 1076 2120 1303 2192; x_wconf 87' lang='lat' dir='ltr'>quaerentibus</span> <span class='ocrx_word' id='word_1_64' title='bbox 1332 2121 1414 2180; x_wconf 88' lang='lat' dir='ltr'>satis</span> 
     </span>
     <span class='ocr_line' id='line_1_11' title="bbox 279 2224 1413 2298; baseline 0.004 -16"><span class='ocrx_word' id='word_1_65' title='bbox 279 2225 370 2298; x_wconf 88' lang='lat' dir='ltr'>larga</span> <span class='ocrx_word' id='word_1_66' title='bbox 394 2225 546 2284; x_wconf 88' lang='lat' dir='ltr'>materies</span> <span class='ocrx_word' id='word_1_67' title='bbox 571 2239 635 2284; x_wconf 93' lang='lat' dir='ltr'>non</span> <span class='ocrx_word' id='word_1_68' title='bbox 657 2224 765 2284; x_wconf 90' lang='lat' dir='ltr'>deerit.</span> <span class='ocrx_word' id='word_1_69' title='bbox 808 2225 878 2284; x_wconf 88' lang='lat' dir='ltr'>Hac</span> <span class='ocrx_word' id='word_1_70' title='bbox 900 2224 939 2284; x_wconf 90' lang='lat' dir='ltr'>de</span> <span class='ocrx_word' id='word_1_71' title='bbox 960 2241 1059 2286; x_wconf 90' lang='lat' dir='ltr'>causa</span> <span class='ocrx_word' id='word_1_72' title='bbox 1080 2242 1144 2286; x_wconf 91' lang='lat' dir='ltr'>non</span> <span class='ocrx_word' id='word_1_73' title='bbox 1166 2227 1224 2286; x_wconf 87' lang='lat' dir='ltr'>abs</span> <span class='ocrx_word' id='word_1_74' title='bbox 1245 2243 1279 2286; x_wconf 88' lang='lat' dir='ltr'>ra</span> <span class='ocrx_word' id='word_1_75' title='bbox 1300 2228 1360 2287; x_wconf 88' lang='lat' dir='ltr'>erit</span> <span class='ocrx_word' id='word_1_76' title='bbox 1381 2229 1413 2288; x_wconf 93' lang='lat' dir='ltr'>in</span> 
     </span>
     <span class='ocr_line' id='line_1_12' title="bbox 282 2330 1414 2426; baseline 0.003 -37"><span class='ocrx_word' id='word_1_77' title='bbox 282 2331 398 2391; x_wconf 79' lang='lat' dir='ltr'>fabulis</span> <span class='ocrx_word' id='word_1_78' title='bbox 419 2346 516 2405; x_wconf 89' lang='lat' dir='ltr'>supra</span> <span class='ocrx_word' id='word_1_79' title='bbox 538 2330 631 2426; x_wconf 63' lang='lat' dir='ltr'>dictis</span> <span class='ocrx_word' id='word_1_80' title='bbox 652 2331 813 2406; x_wconf 85' lang='lat' dir='ltr'>indagare,</span> <span class='ocrx_word' id='word_1_81' title='bbox 836 2332 891 2390; x_wconf 95' lang='lat' dir='ltr'>ubi</span> <span class='ocrx_word' id='word_1_82' title='bbox 910 2332 1066 2406; x_wconf 88' lang='lat' dir='ltr'>temporis</span> <span class='ocrx_word' id='word_1_83' title='bbox 1088 2333 1171 2393; x_wconf 86' lang='lat' dir='ltr'>ratio</span> <span class='ocrx_word' id='word_1_84' title='bbox 1185 2333 1342 2393; x_wconf 88' lang='lat' dir='ltr'>claudicet</span> <span class='ocrx_word' id='word_1_85' title='bbox 1357 2335 1414 2394; x_wconf 87' lang='lat' dir='ltr'>aut</span> 
     </span>
     <span class='ocr_line' id='line_1_13' title="bbox 282 2438 1415 2512; baseline 0.002 -15"><span class='ocrx_word' id='word_1_86' title='bbox 282 2439 356 2512; x_wconf 91' lang='lat' dir='ltr'>quid</span> <span class='ocrx_word' id='word_1_87' title='bbox 370 2438 663 2512; x_wconf 86' lang='lat' dir='ltr'>reprehendendum</span> <span class='ocrx_word' id='word_1_88' title='bbox 678 2439 721 2497; x_wconf 87' lang='lat' dir='ltr'>sit</span> <span class='ocrx_word' id='word_1_89' title='bbox 736 2439 929 2512; x_wconf 85' lang='lat' dir='ltr'>ceteroquin.</span> <span class='ocrx_word' id='word_1_90' title='bbox 943 2440 1111 2499; x_wconf 80' lang='lat' dir='ltr'>hectorem</span> <span class='ocrx_word' id='word_1_91' title='bbox 1124 2440 1237 2499; x_wconf 88' lang='lat' dir='ltr'>tamen</span> <span class='ocrx_word' id='word_1_92' title='bbox 1252 2441 1415 2501; x_wconf 89' lang='lat' dir='ltr'>monitum</span> 
     </span>
     <span class='ocr_line' id='line_1_14' title="bbox 281 2544 1414 2621; baseline 0.002 -17"><span class='ocrx_word' id='word_1_93' title='bbox 281 2545 379 2604; x_wconf 88' lang='lat' dir='ltr'>velim</span> <span class='ocrx_word' id='word_1_94' title='bbox 410 2545 537 2604; x_wconf 91' lang='lat' dir='ltr'>nonnisi</span> <span class='ocrx_word' id='word_1_95' title='bbox 570 2544 744 2604; x_wconf 86' lang='lat' dir='ltr'>admodum</span> <span class='ocrx_word' id='word_1_96' title='bbox 775 2561 847 2604; x_wconf 85' lang='lat' dir='ltr'>raro</span> <span class='ocrx_word' id='word_1_97' title='bbox 872 2546 1009 2604; x_wconf 87' lang='lat' dir='ltr'>remita</span> <span class='ocrx_word' id='word_1_98' title='bbox 1030 2547 1254 2620; x_wconf 85' lang='lat' dir='ltr'>comparatam</span> <span class='ocrx_word' id='word_1_99' title='bbox 1276 2561 1355 2621; x_wconf 88' lang='lat' dir='ltr'>csse,</span> <span class='ocrx_word' id='word_1_100' title='bbox 1377 2548 1414 2606; x_wconf 91' lang='lat' dir='ltr'>ut</span> 
     </span>
     <span class='ocr_line' id='line_1_15' title="bbox 282 2641 1233 2728; baseline 0.001 -18"><span class='ocrx_word' id='word_1_101' title='bbox 282 2651 480 2728; x_wconf 85' lang='lat' dir='ltr'>spectatores</span> <span class='ocrx_word' id='word_1_102' title='bbox 501 2666 628 2724; x_wconf 87' lang='lat' dir='ltr'>quoque</span> <span class='ocrx_word' id='word_1_103' title='bbox 650 2651 859 2711; x_wconf 87' lang='lat' dir='ltr'>offensionem</span> <span class='ocrx_word' id='word_1_104' title='bbox 880 2652 1061 2711; x_wconf 85' lang='lat' dir='ltr'>necessario</span> <span class='ocrx_word' id='word_1_105' title='bbox 1083 2641 1233 2726; x_wconf 80' lang='lat' dir='ltr'>ceperint.</span> 
     </span>
    </p>

    <p class='ocr_par' dir='ltr' id='par_1_5' title="bbox 281 2757 1419 4322">
     <span class='ocr_line' id='line_1_16' title="bbox 320 2757 1413 2834; baseline 0.002 -18"><span class='ocrx_word' id='word_1_106' title='bbox 320 2759 422 2818; x_wconf 88' lang='lat' dir='ltr'>Nemo</span> <span class='ocrx_word' id='word_1_107' title='bbox 450 2759 509 2817; x_wconf 89' lang='lat' dir='ltr'>erit</span> <span class='ocrx_word' id='word_1_108' title='bbox 537 2757 630 2817; x_wconf 86' lang='lat' dir='ltr'>credo</span> <span class='ocrx_word' id='word_1_109' title='bbox 652 2759 729 2831; x_wconf 89' lang='lat' dir='ltr'>quin</span> <span class='ocrx_word' id='word_1_110' title='bbox 750 2758 903 2818; x_wconf 89' lang='lat' dir='ltr'>concedat</span> <span class='ocrx_word' id='word_1_111' title='bbox 924 2758 957 2816; x_wconf 91' lang='lat' dir='ltr'>in</span> <span class='ocrx_word' id='word_1_112' title='bbox 978 2758 1132 2832; x_wconf 85' lang='lat' dir='ltr'>psaltriae</span> <span class='ocrx_word' id='word_1_113' title='bbox 1152 2760 1305 2834; x_wconf 87' lang='lat' dir='ltr'>raptione,</span> <span class='ocrx_word' id='word_1_114' title='bbox 1328 2760 1413 2818; x_wconf 91' lang='lat' dir='ltr'>unde</span> 
     </span>
     <span class='ocr_line' id='line_1_17' title="bbox 281 2863 1416 2939; baseline 0 -15"><span class='ocrx_word' id='word_1_115' title='bbox 281 2865 497 2938; x_wconf 80' lang='lat' dir='ltr'>Adelphorum</span> <span class='ocrx_word' id='word_1_116' title='bbox 519 2863 628 2923; x_wconf 87' lang='lat' dir='ltr'>fabula</span> <span class='ocrx_word' id='word_1_117' title='bbox 648 2865 720 2924; x_wconf 87' lang='lat' dir='ltr'>tota</span> <span class='ocrx_word' id='word_1_118' title='bbox 741 2865 865 2939; x_wconf 88' lang='lat' dir='ltr'>pendet,</span> <span class='ocrx_word' id='word_1_119' title='bbox 887 2865 994 2924; x_wconf 88' lang='lat' dir='ltr'>inesse</span> <span class='ocrx_word' id='word_1_120' title='bbox 1008 2866 1091 2938; x_wconf 89' lang='lat' dir='ltr'>quod</span> <span class='ocrx_word' id='word_1_121' title='bbox 1111 2866 1267 2939; x_wconf 89' lang='lat' dir='ltr'>temporis</span> <span class='ocrx_word' id='word_1_122' title='bbox 1291 2867 1416 2926; x_wconf 89' lang='lat' dir='ltr'>ratione</span> 
     </span>
     <span class='ocr_line' id='line_1_18' title="bbox 281 2971 1416 3047; baseline 0.001 -17"><span class='ocrx_word' id='word_1_123' title='bbox 281 2971 393 3030; x_wconf 91' lang='lat' dir='ltr'>habita</span> <span class='ocrx_word' id='word_1_124' title='bbox 424 2987 443 3030; x_wconf 88' lang='lat' dir='ltr'>a</span> <span class='ocrx_word' id='word_1_125' title='bbox 474 2986 549 3031; x_wconf 88' lang='lat' dir='ltr'>vero</span> <span class='ocrx_word' id='word_1_126' title='bbox 583 2971 762 3032; x_wconf 88' lang='lat' dir='ltr'>abhorreat.</span> <span class='ocrx_word' id='word_1_127' title='bbox 804 2972 982 3030; x_wconf 87' lang='lat' dir='ltr'>Aeschinus</span> <span class='ocrx_word' id='word_1_128' title='bbox 1015 2973 1055 3030; x_wconf 92' lang='lat' dir='ltr'>ad</span> <span class='ocrx_word' id='word_1_129' title='bbox 1092 2987 1206 3032; x_wconf 87' lang='lat' dir='ltr'>cenam</span> <span class='ocrx_word' id='word_1_130' title='bbox 1229 2973 1295 3032; x_wconf 89' lang='lat' dir='ltr'>abit</span> <span class='ocrx_word' id='word_1_131' title='bbox 1316 2972 1416 3047; x_wconf 89' lang='lat' dir='ltr'>pridie</span> 
     </span>
     <span class='ocr_line' id='line_1_19' title="bbox 282 3065 1416 3154; baseline 0.004 -18"><span class='ocrx_word' id='word_1_132' title='bbox 282 3093 381 3151; x_wconf 91' lang='lat' dir='ltr'>quam</span> <span class='ocrx_word' id='word_1_133' title='bbox 416 3077 525 3137; x_wconf 86' lang='lat' dir='ltr'>fabula</span> <span class='ocrx_word' id='word_1_134' title='bbox 559 3078 665 3152; x_wconf 81' lang='lat' dir='ltr'>agitur</span> <span class='ocrx_word' id='word_1_135' title='bbox 700 3065 798 3152; x_wconf 84' lang='lat' dir='ltr'>atque</span> <span class='ocrx_word' id='word_1_136' title='bbox 830 3079 955 3152; x_wconf 86' lang='lat' dir='ltr'>vesperi</span> <span class='ocrx_word' id='word_1_137' title='bbox 991 3079 1059 3138; x_wconf 87' lang='lat' dir='ltr'>aius</span> <span class='ocrx_word' id='word_1_138' title='bbox 1095 3079 1155 3138; x_wconf 89' lang='lat' dir='ltr'>diei</span> <span class='ocrx_word' id='word_1_139' title='bbox 1190 3081 1282 3154; x_wconf 88' lang='lat' dir='ltr'>pater</span> <span class='ocrx_word' id='word_1_140' title='bbox 1311 3080 1416 3142; x_wconf 90' lang='lat' dir='ltr'>mittit</span> 
     </span>
     <span class='ocr_line' id='line_1_20' title="bbox 282 3183 1415 3258; baseline 0.001 -15"><span class='ocrx_word' id='word_1_141' title='bbox 282 3183 506 3258; x_wconf 90' lang='lat' dir='ltr'>advorsitores,</span> <span class='ocrx_word' id='word_1_142' title='bbox 529 3185 583 3258; x_wconf 90' lang='lat' dir='ltr'>qui</span> <span class='ocrx_word' id='word_1_143' title='bbox 605 3184 738 3244; x_wconf 93' lang='lat' dir='ltr'>domum</span> <span class='ocrx_word' id='word_1_144' title='bbox 759 3184 927 3244; x_wconf 86' lang='lat' dir='ltr'>deducant.</span> <span class='ocrx_word' id='word_1_145' title='bbox 969 3185 1098 3245; x_wconf 86' lang='lat' dir='ltr'>Iuvenis</span> <span class='ocrx_word' id='word_1_146' title='bbox 1119 3201 1195 3246; x_wconf 88' lang='lat' dir='ltr'>vero</span> <span class='ocrx_word' id='word_1_147' title='bbox 1217 3202 1292 3246; x_wconf 91' lang='lat' dir='ltr'>cum</span> <span class='ocrx_word' id='word_1_148' title='bbox 1313 3186 1415 3245; x_wconf 86' lang='lat' dir='ltr'>servis</span> 
     </span>
     <span class='ocr_line' id='line_1_21' title="bbox 282 3291 1416 3366; baseline -0.001 -15"><span class='ocrx_word' id='word_1_149' title='bbox 282 3306 346 3351; x_wconf 93' lang='lat' dir='ltr'>non</span> <span class='ocrx_word' id='word_1_150' title='bbox 367 3291 501 3351; x_wconf 91' lang='lat' dir='ltr'>domum</span> <span class='ocrx_word' id='word_1_151' title='bbox 515 3292 685 3365; x_wconf 86' lang='lat' dir='ltr'>paternam</span> <span class='ocrx_word' id='word_1_152' title='bbox 699 3292 823 3366; x_wconf 88' lang='lat' dir='ltr'>repetit,</span> <span class='ocrx_word' id='word_1_153' title='bbox 846 3292 902 3350; x_wconf 91' lang='lat' dir='ltr'>sed</span> <span class='ocrx_word' id='word_1_154' title='bbox 916 3293 1062 3352; x_wconf 91' lang='lat' dir='ltr'>convivio</span> <span class='ocrx_word' id='word_1_155' title='bbox 1083 3293 1116 3352; x_wconf 91' lang='lat' dir='ltr'>in</span> <span class='ocrx_word' id='word_1_156' title='bbox 1131 3293 1271 3352; x_wconf 88' lang='lat' dir='ltr'>multam</span> <span class='ocrx_word' id='word_1_157' title='bbox 1285 3294 1416 3353; x_wconf 91' lang='lat' dir='ltr'>noctem</span> 
     </span>
     <span class='ocr_line' id='line_1_22' title="bbox 282 3397 1415 3474; baseline 0.004 -19"><span class='ocrx_word' id='word_1_158' title='bbox 282 3398 436 3472; x_wconf 88' lang='lat' dir='ltr'>producto</span> <span class='ocrx_word' id='word_1_159' title='bbox 466 3397 590 3457; x_wconf 90' lang='lat' dir='ltr'>lenonis</span> <span class='ocrx_word' id='word_1_160' title='bbox 623 3398 717 3457; x_wconf 89' lang='lat' dir='ltr'>aedes</span> <span class='ocrx_word' id='word_1_161' title='bbox 739 3398 814 3473; x_wconf 86' lang='lat' dir='ltr'>adit,</span> <span class='ocrx_word' id='word_1_162' title='bbox 848 3398 931 3458; x_wconf 86' lang='lat' dir='ltr'>fores</span> <span class='ocrx_word' id='word_1_163' title='bbox 953 3399 1099 3474; x_wconf 86' lang='lat' dir='ltr'>effringit,</span> <span class='ocrx_word' id='word_1_164' title='bbox 1131 3400 1300 3474; x_wconf 87' lang='lat' dir='ltr'>psaltriam</span> <span class='ocrx_word' id='word_1_165' title='bbox 1321 3399 1415 3473; x_wconf 87' lang='lat' dir='ltr'>repit.</span> 
     </span>
     <span class='ocr_line' id='line_1_23' title="bbox 285 3505 1417 3580; baseline 0 -16"><span class='ocrx_word' id='word_1_166' title='bbox 285 3505 405 3564; x_wconf 84' lang='lat' dir='ltr'>Statim</span> <span class='ocrx_word' id='word_1_167' title='bbox 430 3519 540 3564; x_wconf 93' lang='lat' dir='ltr'>rumor</span> <span class='ocrx_word' id='word_1_168' title='bbox 561 3505 787 3578; x_wconf 88' lang='lat' dir='ltr'>percrebrescit</span> <span class='ocrx_word' id='word_1_169' title='bbox 809 3514 841 3564; x_wconf 85' lang='lat' dir='ltr'>et</span> <span class='ocrx_word' id='word_1_170' title='bbox 862 3506 1006 3579; x_wconf 83' lang='lat' dir='ltr'>pervenit</span> <span class='ocrx_word' id='word_1_171' title='bbox 1028 3506 1068 3564; x_wconf 99' lang='lat' dir='ltr'>ad</span> <span class='ocrx_word' id='word_1_172' title='bbox 1089 3519 1182 3565; x_wconf 90' lang='lat' dir='ltr'>aures</span> <span class='ocrx_word' id='word_1_173' title='bbox 1203 3507 1350 3580; x_wconf 86' lang='lat' dir='ltr'>Demeae,</span> <span class='ocrx_word' id='word_1_174' title='bbox 1363 3506 1417 3579; x_wconf 89' lang='lat' dir='ltr'>qui</span> 
     </span>
     <span class='ocr_line' id='line_1_24' title="bbox 283 3610 1417 3685; baseline 0.002 -16"><span class='ocrx_word' id='word_1_175' title='bbox 283 3625 381 3669; x_wconf 88' lang='lat' dir='ltr'>mane</span> <span class='ocrx_word' id='word_1_176' title='bbox 402 3627 421 3670; x_wconf 89' lang='lat' dir='ltr'>a</span> <span class='ocrx_word' id='word_1_177' title='bbox 441 3611 519 3670; x_wconf 85' lang='lat' dir='ltr'>villa</span> <span class='ocrx_word' id='word_1_178' title='bbox 549 3611 582 3670; x_wconf 91' lang='lat' dir='ltr'>in</span> <span class='ocrx_word' id='word_1_179' title='bbox 614 3610 727 3670; x_wconf 90' lang='lat' dir='ltr'>urbem</span> <span class='ocrx_word' id='word_1_180' title='bbox 758 3612 961 3685; x_wconf 79' lang='lat' dir='ltr'>perrexerat3</span> <span class='ocrx_word' id='word_1_181' title='bbox 992 3612 1045 3670; x_wconf 89' lang='lat' dir='ltr'>ille</span> <span class='ocrx_word' id='word_1_182' title='bbox 1076 3627 1145 3671; x_wconf 89' lang='lat' dir='ltr'>rem</span> <span class='ocrx_word' id='word_1_183' title='bbox 1176 3627 1252 3671; x_wconf 90' lang='lat' dir='ltr'>cum</span> <span class='ocrx_word' id='word_1_184' title='bbox 1283 3613 1417 3672; x_wconf 90' lang='lat' dir='ltr'>Micione</span> 
     </span>
     <span class='ocr_line' id='line_1_25' title="bbox 284 3717 1417 3793; baseline 0 -17"><span class='ocrx_word' id='word_1_185' title='bbox 284 3718 514 3778; x_wconf 84' lang='lat' dir='ltr'>communicat.</span> <span class='ocrx_word' id='word_1_186' title='bbox 536 3719 684 3778; x_wconf 86' lang='lat' dir='ltr'>lamvero</span> <span class='ocrx_word' id='word_1_187' title='bbox 706 3717 795 3777; x_wconf 87' lang='lat' dir='ltr'>hisce</span> <span class='ocrx_word' id='word_1_188' title='bbox 815 3719 947 3777; x_wconf 90' lang='lat' dir='ltr'>demum</span> <span class='ocrx_word' id='word_1_189' title='bbox 968 3719 1118 3778; x_wconf 91' lang='lat' dir='ltr'>omnibus</span> <span class='ocrx_word' id='word_1_190' title='bbox 1133 3719 1271 3793; x_wconf 89' lang='lat' dir='ltr'>peractis</span> <span class='ocrx_word' id='word_1_191' title='bbox 1286 3719 1318 3777; x_wconf 91' lang='lat' dir='ltr'>et</span> <span class='ocrx_word' id='word_1_192' title='bbox 1333 3719 1417 3792; x_wconf 90' lang='lat' dir='ltr'>post·</span> 
     </span>
     <span class='ocr_line' id='line_1_26' title="bbox 284 3823 1417 3899; baseline 0.003 -18"><span class='ocrx_word' id='word_1_193' title='bbox 284 3839 383 3896; x_wconf 88' lang='lat' dir='ltr'>quam</span> <span class='ocrx_word' id='word_1_194' title='bbox 418 3823 533 3883; x_wconf 85' lang='lat' dir='ltr'>fratres</span> <span class='ocrx_word' id='word_1_195' title='bbox 569 3824 609 3883; x_wconf 91' lang='lat' dir='ltr'>ad</span> <span class='ocrx_word' id='word_1_196' title='bbox 644 3823 750 3884; x_wconf 88' lang='lat' dir='ltr'>iorum</span> <span class='ocrx_word' id='word_1_197' title='bbox 785 3824 919 3898; x_wconf 86' lang='lat' dir='ltr'>digressi</span> <span class='ocrx_word' id='word_1_198' title='bbox 953 3826 1039 3899; x_wconf 89' lang='lat' dir='ltr'>sunt,</span> <span class='ocrx_word' id='word_1_199' title='bbox 1075 3825 1255 3884; x_wconf 86' lang='lat' dir='ltr'>Aeschinus</span> <span class='ocrx_word' id='word_1_200' title='bbox 1284 3825 1417 3885; x_wconf 87' lang='lat' dir='ltr'>tandem</span> 
     </span>
     <span class='ocr_line' id='line_1_27' title="bbox 284 3930 1418 4006; baseline 0.002 -18"><span class='ocrx_word' id='word_1_201' title='bbox 284 3930 417 3990; x_wconf 91' lang='lat' dir='ltr'>domum</span> <span class='ocrx_word' id='word_1_202' title='bbox 449 3931 629 3992; x_wconf 86' lang='lat' dir='ltr'>revertitur.</span> <span class='ocrx_word' id='word_1_203' title='bbox 671 3931 758 3990; x_wconf 87' lang='lat' dir='ltr'>Num</span> <span class='ocrx_word' id='word_1_204' title='bbox 789 3930 937 3990; x_wconf 83' lang='lat' dir='ltr'>credibile</span> <span class='ocrx_word' id='word_1_205' title='bbox 967 3930 1092 3989; x_wconf 86' lang='lat' dir='ltr'>videtur</span> <span class='ocrx_word' id='word_1_206' title='bbox 1112 3932 1248 4006; x_wconf 90' lang='lat' dir='ltr'>tamdiu,</span> <span class='ocrx_word' id='word_1_207' title='bbox 1272 3947 1291 3991; x_wconf 89' lang='lat' dir='ltr'>a</span> <span class='ocrx_word' id='word_1_208' title='bbox 1311 3931 1418 3990; x_wconf 87' lang='lat' dir='ltr'>media</span> 
     </span>
     <span class='ocr_line' id='line_1_28' title="bbox 285 4036 1419 4111; baseline 0.002 -17"><span class='ocrx_word' id='word_1_209' title='bbox 285 4036 350 4095; x_wconf 86' lang='lat' dir='ltr'>fere</span> <span class='ocrx_word' id='word_1_210' title='bbox 369 4039 465 4097; x_wconf 88' lang='lat' dir='ltr'>nocte</span> <span class='ocrx_word' id='word_1_211' title='bbox 485 4052 588 4110; x_wconf 89' lang='lat' dir='ltr'>usque</span> <span class='ocrx_word' id='word_1_212' title='bbox 603 4038 642 4097; x_wconf 89' lang='lat' dir='ltr'>ad</span> <span class='ocrx_word' id='word_1_213' title='bbox 656 4038 786 4111; x_wconf 89' lang='lat' dir='ltr'>tempus</span> <span class='ocrx_word' id='word_1_214' title='bbox 800 4037 841 4111; x_wconf 92' lang='lat' dir='ltr'>id,</span> <span class='ocrx_word' id='word_1_215' title='bbox 858 4053 921 4111; x_wconf 87' lang='lat' dir='ltr'>quo</span> <span class='ocrx_word' id='word_1_216' title='bbox 934 4037 1081 4097; x_wconf 91' lang='lat' dir='ltr'>homines</span> <span class='ocrx_word' id='word_1_217' title='bbox 1096 4038 1201 4098; x_wconf 84' lang='lat' dir='ltr'>forum</span> <span class='ocrx_word' id='word_1_218' title='bbox 1217 4038 1419 4111; x_wconf 85' lang='lat' dir='ltr'>frequentare</span> 
     </span>
     <span class='ocr_line' id='line_1_29' title="bbox 283 4142 1418 4218; baseline 0 -16"><span class='ocrx_word' id='word_1_219' title='bbox 283 4142 448 4218; x_wconf 86' lang='lat' dir='ltr'>incipiant,</span> <span class='ocrx_word' id='word_1_220' title='bbox 490 4143 641 4204; x_wconf 87' lang='lat' dir='ltr'>iuvenem</span> <span class='ocrx_word' id='word_1_221' title='bbox 683 4159 759 4203; x_wconf 91' lang='lat' dir='ltr'>cum</span> <span class='ocrx_word' id='word_1_222' title='bbox 801 4143 906 4218; x_wconf 86' lang='lat' dir='ltr'>puella</span> <span class='ocrx_word' id='word_1_223' title='bbox 941 4145 973 4202; x_wconf 86' lang='lat' dir='ltr'>et</span> <span class='ocrx_word' id='word_1_224' title='bbox 1009 4145 1182 4204; x_wconf 90' lang='lat' dir='ltr'>comitibus</span> <span class='ocrx_word' id='word_1_225' title='bbox 1216 4160 1270 4218; x_wconf 89' lang='lat' dir='ltr'>per</span> <span class='ocrx_word' id='word_1_226' title='bbox 1305 4145 1418 4203; x_wconf 89' lang='lat' dir='ltr'>urbem</span> 
     </span>
     <span class='ocr_line' id='line_1_30' title="bbox 285 4251 561 4322; baseline 0.004 -14"><span class='ocrx_word' id='word_1_227' title='bbox 285 4251 443 4322; x_wconf 89' lang='lat' dir='ltr'>vagatum</span> <span class='ocrx_word' id='word_1_228' title='bbox 466 4254 561 4310; x_wconf 88' lang='lat' dir='ltr'>esse?</span> 
     </span>
    </p>
   </div>
   <div class='ocr_carea' id='block_1_5' title="bbox 0 0 1696 5046">
    <p class='ocr_par' dir='ltr' id='par_1_6' title="bbox 0 0 1696 5046">
     <span class='ocr_line' id='line_1_31' title="bbox 0 0 1696 5046; baseline 0 0"><span class='ocrx_word' id='word_1_229' title='bbox 0 0 1696 5046; x_wconf 95' lang='lat' dir='ltr'> </span> 
     </span>
    </p>
   </div>
  </div>
 </body>
</html>
