3368 5046
807 527 846 584 65

261 711 438 772 Grauertus
460 727 489 786 p.
513 713 569 771 131
593 711 665 770 111
688 713 715 772 1.
739 713 786 786 32,
808 727 975 786 perperam
994 729 1069 773 mea
1083 714 1212 788 quidem
1226 716 1397 792 sententia,

261 833 337 878 cum
357 819 389 877 in
412 818 593 892 fragmento
614 833 722 878 sermo
744 817 801 878 liat
816 819 855 877 de
868 819 1009 895 puerulo,
1029 821 1083 894 qui
1098 822 1282 882 educandus
1297 823 1398 883 etiam

261 926 304 986 sit
340 941 359 984 a
386 925 620 998 ludimagistro,
654 926 688 984 at
716 925 767 984 hio
797 926 874 1002 agat
901 927 1002 1002 Micio,
1032 929 1193 1001 quomodo
1224 929 1397 990 liberorum

262 1047 406 1091 amorem
429 1031 544 1105 aliquis
565 1032 626 1090 sibi
648 1031 804 1092 conciliet.
825 1033 936 1105 Neque
953 1047 1088 1108 scopum
1102 1035 1210 1108 tetigit
1224 1036 1398 1096 Nencinius

261 1154 289 1212 p.
313 1139 379 1213 136,
402 1152 594 1211 comparans
616 1138 631 1196 I
653 1139 681 1199 1.
703 1141 751 1212 49,
773 1139 904 1200 omnino
927 1140 1129 1201 dissimilem.

382 1245 529 1305 Tertium
552 1245 773 1318 fragmentum

429 1395 430 1398 ι
465 1347 529 1426 Ti&
554 1347 719 1426 προθύμως
743 1347 941 1426 τιὲξιούμενον
966 1355 1059 1413 ποιῶν

464 1454 612 1532 11111111
641 1456 781 1529 ἀληθῶς,
806 1457 860 1521 οὐκ
883 1455 1007 1534 ἔφεδρον
1031 1451 1109 1533 ἕξεις
1131 1457 1202 1534 βίον

259 1565 340 1623 item
372 1565 493 1624 omisso
523 1564 651 1623 fabulae
670 1565 801 1624 nomine
822 1581 842 1624 a
864 1565 1002 1625 Stobaeo
1022 1566 1201 1642 laudatum,
1221 1567 1396 1626 Meinelrius

261 1673 428 1744 comparat
467 1685 542 1730 cum
574 1672 588 1729 Ι
622 1672 649 1731 1.
680 1673 728 1746 47,
761 1671 938 1731 Grauertus
970 1688 1000 1747 p.
1033 1675 1090 1735 137
1122 1689 1197 1734 cum
1228 1675 1256 1732 V
1286 1677 1315 1734 4.
1348 1677 1396 1750 20,

262 1779 396 1851 uterque
422 1793 537 1852 parum
563 1778 778 1852 probabiliter.
819 1779 1046 1839 Audacissime
1066 1781 1263 1855 excogitavit
1285 1782 1396 1840 Ilmius

260 1899 290 1958 p.
312 1885 359 1959 29,
383 1884 433 1943 cui
454 1885 609 1945 Dziatzko
630 1885 664 1942 in
684 1885 743 1945 Ad.
759 1885 805 1944 ed.
822 1885 906 1946 1111.
921 1885 942 1946 l.
964 1886 1153 1962 adsentitur,
1176 1888 1396 1962 fragmentum

262 1991 484 2051 collocandum
512 2006 584 2050 esse
611 1993 684 2065 post
705 1993 720 2050 Ι
742 1994 770 2052 2.
792 1994 840 2066 30,
862 1993 906 2051 ibi
927 2008 1003 2053 vero
1025 2010 1044 2053 1
1067 1994 1215 2056 Terentio
1238 1995 1398 2056 omissum

261 2097 371 2158 fuisse.
384 2098 471 2156 Talis
483 2099 623 2171 suspicio
635 2113 739 2172 neque
750 2100 965 2158 demonstrari
976 2101 1072 2160 certis
1085 2103 1285 2176 argumentis
1297 2117 1400 2176 neque

261 2204 394 2264 refutari
403 2206 520 2278 potest.
535 2206 601 2278 Ego
611 2220 687 2264 11111
694 2206 1007 2281 Meinekiofacerem,
1016 2209 1079 2267 nisi
1087 2223 1217 2282 prorsus
1226 2209 1398 2268 dissimiles

262 2313 370 2370 essent
386 2311 466 2370 alter
480 2327 594 2370 versus
609 2326 743 2385 graecus
759 2313 791 2371 et
805 2312 927 2373 latinus
943 2315 957 2372 Ι
973 2317 1000 2375 1.
1011 2316 1061 2388 48;
1073 2316 1141 2374 iure
1151 2316 1250 2389 igitur
1261 2316 1397 2390 dubites

263 2434 303 2477 an
324 2420 384 2479 hoc
407 2418 626 2491 fragmentum
648 2420 779 2479 omnino
801 2421 841 2479 ad
862 2421 1022 2494 Adelphos
1044 2423 1245 2480 referendum
1267 2423 1320 2495 sit.

301 2525 350 2584 Ad
391 2524 406 2583 Ι
441 2527 470 2584 2.
502 2526 540 2584 13
571 2525 749 2584 Ladevicus
786 2527 882 2587 Beitr.
922 2544 941 2602 p
973 2531 1001 2588 4.
1033 2529 1114 2587 bene
1151 2529 1276 2607 rettulit
1316 2529 1397 2587 Men.

262 2631 356 2705 srgm.
377 2632 438 2690 inc.
460 2633 529 2691 506.
891 2638 911 2712 η’
935 2630 1025 2704 πόλις

619 2730 673 2808 ἕλη
698 2738 759 2814 γὰρ
783 2735 848 2818 ᾄδει
873 2739 907 2802 τὸ
933 2737 1036 2800 κακόν.

382 2844 613 2917 Fragmentum
635 2846 788 2917 quartum

443 2949 489 3011 Οὺ
513 2955 678 3022 παντελῶς
702 2949 751 3012 δεῖ
770 2957 834 3023 τοῖς
858 2957 994 3029 πονηροῖς
1019 2949 1201 3031 ἐπιτρέπειν,

441 3053 515 3116 ἀλλ’
540 3053 767 3118 tortosam&-
792 3057 817 3118 εἶ
841 3057 872 3120 δὲ
896 3062 952 3137 μὴ,
977 3054 1059 3120 τᾶνω
1084 3063 1166 3120 κάτω

442 3161 528 3235 ἡμῶν
543 3161 566 3223 ,ὁ
588 3160 657 3237 βίος
680 3162 767 3235 λήσει
791 3167 1031 3244 μεταστραφεὶς
1056 3158 1134 3237 ὅλος.

262 3269 313 3326 111
327 3268 448 3327 lemma
464 3268 609 3328 additum
623 3266 798 3345 Μενάνδρου
814 3267 993 3351 Ἀδελφοῖς,
1007 3272 1200 3331 rettulerunt
1211 3273 1395 3346 Meinekius,

262 3374 502 3448 Grauertusque
532 3391 561 3448 p.
595 3377 652 3435 138
684 3377 724 3434 ad
755 3377 779 3436 I.
812 3379 840 3450 2,
873 3393 1072 3450 quamquam
1102 3379 1226 3436 certum
1257 3378 1398 3451 aliquem

261 3495 393 3540 versum
421 3481 561 3541 indicare
587 3483 843 3556 supersederunt.
886 3485 996 3543 Iunius
1025 3500 1054 3558 p.
1077 3487 1125 3559 29,
1155 3499 1295 3558 quocum
1320 3483 1397 3543 facit

261 3589 425 3662 Dziatzko,
458 3590 551 3662 putat
583 3589 804 3649 collocandum
836 3606 908 3649 esse
938 3591 971 3650 in
1003 3591 1050 3649 111
1082 3595 1102 3650 4
1130 3592 1187 3650 aut
1215 3591 1288 3664 post
1318 3606 1348 3650 v,
1378 3592 1397 3649 8

264 3695 320 3753 aut
353 3695 427 3768 post
465 3710 496 3753 v.
528 3697 586 3756 54:
630 3696 711 3754 Sunt
744 3698 839 3772 enim,
870 3698 984 3772 inquit,
1016 3699 1114 3757 verba
1146 3698 1309 3772 Hegionis
1342 3698 1397 3770 qui

262 3801 413 3860 iniuriam
435 3817 454 3860 a
475 3803 582 3876 pravis
604 3803 788 3862 hominibus
809 3803 936 3862 illatam
958 3804 1046 3862 omni
1060 3804 1155 3863 modo
1170 3803 1397 3863 vindicandam

263 3910 382 3969 censet.
413 3909 579 3970 Hactenus
612 3909 640 3967 ei
661 3911 828 3984 assentior,
852 3911 935 3983 quod
957 3910 1108 3970 existimo
1130 3910 1304 3969 versiculos
1325 3909 1398 3968 illos

264 4016 373 4074 decere
397 4016 470 4089 post
494 4032 525 4076 v.
551 4017 578 4090 8,
604 4032 685 4090 nego
709 4018 782 4092 post
804 4033 835 4077 v.
857 4019 912 4090 54;
933 4032 1011 4076 narn
1034 4018 1181 4076 abhorret
1204 4032 1223 4075 a
1244 4016 1396 4089 Hegione,

263 4122 331 4182 viro
356 4122 471 4181 humili
492 4124 589 4196 atque
609 4124 758 4199 demisso,
781 4124 835 4197 qui
856 4139 976 4197 magna
997 4123 1175 4182 reverentia
1196 4123 1398 4197 prosequitur

264 4229 388 4303 divites
420 4229 563 4289 Minionis
595 4229 753 4289 familiam
781 4225 924 4306 πονηροὺς
952 4229 1110 4304 appellare
1137 4245 1247 4290 coram
1267 4230 1397 4288 Demea.
