3368 5046
836 491 875 550 86

290 678 424 738 audacia
446 678 616 750 abreptum
636 677 668 736 id
690 692 808 736 ausum
826 691 905 751 esse,
918 677 1002 750 quod
1017 677 1125 736 aetate
1138 677 1316 751 provectior
1326 675 1421 751 inque

289 801 324 844 re
358 784 485 844 scenica
507 783 711 843 exercitatior
731 799 795 844 non
817 783 930 842 fuisset
959 783 1113 857 facturus,
1137 799 1211 842 cum
1232 784 1421 858 praesertim

288 892 383 965 longe
404 891 497 965 absit,
520 891 604 964 quod
626 891 666 950 ad
687 891 791 949 artem
812 890 947 964 spectat,
966 891 1003 949 ut
1018 905 1172 964 personae
1185 890 1259 949 illae
1273 891 1421 950 omnihus

291 998 459 1061 absolutae
479 998 622 1057 numeris
642 998 711 1056 iure
731 997 918 1058 habeantur.
952 997 1013 1056 Sed
1035 997 1118 1071 quid,
1140 997 1169 1055 si
1188 997 1334 1056 Donatus
1354 997 1423 1071 ipse

291 1106 331 1166 ad
358 1105 386 1161 V
424 1107 451 1165 6.
475 1106 513 1164 13
533 1105 686 1164 indicavit
706 1103 807 1163 nimia
826 1103 1012 1162 Terentium
1033 1118 1132 1162 usum
1154 1118 1224 1162 6666
1241 1103 1422 1189 audacia?’'

289 1212 435 1272 Primum
469 1227 585 1272 moneo
621 1227 639 1270 6
672 1211 789 1271 Donati
823 1211 943 1270 scholio
979 1210 1057 1270 nihil
1093 1209 1175 1270 effici
1209 1225 1312 1285 posse,
1348 1210 1424 1283 quia

292 1319 488 1380 Perinthiam
515 1333 579 1378 non
607 1318 696 1378 novit
725 1317 915 1378 scholiasta:
938 1332 1047 1376 merae
1069 1317 1213 1391 argutiae
1234 1318 1319 1391 sunt,
1342 1332 1423 1390 quas

291 1425 467 1486 scholiasta
497 1425 536 1483 de
566 1440 625 1485 suo
656 1423 760 1484 finxit.
803 1424 891 1499 Quod
923 1424 1045 1483 adtinet
1075 1424 1114 1484 ad
1136 1424 1365 1498 argumentum
1386 1424 1424 1482 de

293 1532 427 1593 audacia
459 1531 608 1606 Terentii,
641 1530 743 1592 fateor
774 1531 842 1604 pari
872 1531 941 1589 iure
972 1531 1010 1589 de
1040 1531 1100 1590 hae
1125 1529 1212 1590 rein
1234 1530 1423 1589 alterutram

292 1640 418 1713 partem
440 1639 595 1712 disputari
616 1652 720 1712 posse.
742 1637 853 1696 Potius
874 1638 985 1696 tamen
1001 1652 1037 1697 eo
1048 1637 1278 1712 inclinaverim,
1290 1638 1327 1696 ut
1341 1637 1424 1696 hanc

293 1745 462 1804 audaciam
487 1759 585 1816 quam
609 1744 781 1803 minimam
805 1744 905 1803 fuisse
923 1744 1079 1804 statuam.
1100 1745 1185 1804 Nam
1206 1760 1282 1804 curn
1296 1745 1422 1804 constet

292 1853 326 1910 in
346 1851 518 1925 postremis
534 1851 650 1909 fabulis
666 1851 818 1910 audaciae
832 1851 1008 1925 specimina
1023 1866 1098 1909 eum
1112 1851 1279 1911 rarissima
1293 1851 1423 1910 tanturn

298 1959 441 2032 edidisse,
462 1958 672 2016 temerarium
692 1958 818 2016 videtur
840 1958 931 2016 aliter
952 1958 1096 2018 statuere
1117 1958 1155 2016 de
1172 1958 1284 2032 primis
1299 1957 1424 2030 fabulis

295 2064 369 2138 quia
390 2065 596 2123 intervallum
626 2064 710 2123 inter
731 2064 875 2125 tabulam
896 2065 1035 2138 primam
1057 2066 1089 2124 61
1110 2065 1310 2138 postremam
1330 2065 1427 2122 breve

294 2172 354 2231 est.
395 2171 466 2230 Non
493 2171 567 2229 licet
594 2171 687 2231 nobis
709 2171 793 2244 ioqui
813 2172 850 2231 de
871 2171 1002 2231 diuersis
1023 2172 1137 2245 poetae
1158 2171 1329 2245 aetatibus
1352 2171 1427 2244 quia

298 2293 362 2338 non
404 2278 489 2336 ultra
530 2278 669 2351 primam
701 2277 810 2338 adules
842 2278 982 2337 centiam
1014 2279 1119 2338 vitam
1149 2279 1308 2353 produxit.
1350 2277 1428 2336 Vide

294 2385 449 2444 Dziatzko
472 2385 589 2444 Phorm
610 2385 690 2444 Einl.
711 2401 741 2459 p.
763 2386 810 2459 23,
834 2386 882 2444 24.

336 2492 468 2552 Frustra
488 2492 585 2566 igitur
615 2492 813 2566 impugnatis
842 2491 923 2551 ihuii
952 2492 1151 2565 aliorumque
1175 2491 1383 2566 argumentis
1407 2489 1427 2562 1)

311 2693 333 2760 1)
368 2695 436 2751 11116
463 2696 564 2751 autem
589 2695 715 2751 oblocuti
745 2696 816 2751 sunt
843 2695 1014 2764 Spengelius
1042 2695 1259 2763 Nenoiniusque
1286 2694 1370 2749 ihnio
1397 2694 1429 2748 in

295 2786 475 2854 quibusdam,
494 2798 568 2853 quae
587 2785 728 2853 opinionis
746 2799 818 2841 suae
835 2783 995 2840 fulciendae
1014 2799 1102 2840 causa
1120 2784 1243 2852 adlegat.
1262 2783 1338 2839 Nam
1356 2783 1432 2851 qued

292 2874 341 2929 ille
358 2889 385 2942 p.
406 2874 447 2928 11.
466 2875 492 2943 5,
520 2873 715 2934 similitudine,
742 2888 817 2942 quae
844 2876 928 2930 extat
954 2875 1031 2929 inter
1059 2873 1144 2941 frgm.
1172 2873 1229 2928 VII
1266 2872 1432 2928 Perinthiae

295 2961 371 3024 (vide
399 2975 421 3015 6.
441 2962 477 3024 4.)
506 2962 536 3016 61
554 2961 679 3016 Andriae
706 2961 735 3016 Π
762 2963 786 3016 3.
806 2962 904 3024 31-2,
929 2963 1006 3018 inter
1023 2962 1149 3017 Andriae
1166 2961 1196 3015 H
1215 2962 1238 3016 1.
1259 2959 1429 3016 16611111.

295 3049 383 3117 Hipp.
402 3063 430 3104 v.
449 3048 501 3104 129
520 3051 551 3118 7;
578 3050 655 3105 inter
680 3051 806 3106 Andriae
823 3050 853 3105 11
871 3051 896 3105 2.
916 3050 950 3105 16
969 3051 1000 3106 61
1017 3050 1084 3105 Eur.
1103 3050 1175 3105 Med.
1194 3064 1222 3106 v.
1241 3049 1277 3105 86
1295 3063 1368 3104 116116
1386 3049 1433 3104 661

295 3140 331 3194 111
348 3138 514 3194 ostenderet
532 3138 647 3194 Charini
665 3139 843 3208 Byrriaeque
861 3141 960 3207 partes
977 3139 1099 3195 1111111666
1117 3154 1133 3194 6
1152 3139 1309 3208 Perinthia,
1328 3151 1432 3206 parum

294 3228 374 3283 recte
391 3226 494 3282 iecisse
512 3227 634 3282 videtur.
655 3227 695 3282 Cf.
713 3227 803 3284 Nono.
821 3243 849 3296 p.
867 3228 910 3298 35,
930 3228 1055 3298 Spengel
1073 3243 1100 3296 p.
1118 3228 1160 3298 13,
1178 3227 1318 3283 Dziatzlro
1330 3241 1357 3295 p·
1370 3227 1432 3282 250.

297 3315 504 3372 ΕΡ61111111166
528 3315 693 3384 fragmento
720 3317 775 3373 hoo
800 3319 917 3373 tanturn
944 3319 1009 3373 tuto
1035 3318 1148 3373 efficere
1166 3317 1241 3387 licet,
1260 3317 1300 3371 ibi
1318 3329 1433 3384 quoque

296 3407 375 3462 senis
394 3406 482 3462 falsas
500 3407 616 3474 nuptias
630 3405 832 3462 adsimulaniis
845 3406 943 3461 dolum
955 3408 1105 3462 detectum
1117 3421 1182 3462 esse
1194 3420 1212 3461 a
1224 3402 1325 3461 callido
1338 3419 1431 3474 servo,

298 3497 374 3564 quod
400 3496 507 3550 mirum
534 3509 593 3549 non
620 3496 666 3550 est
690 3497 806 3563 propter
831 3497 1038 3563 argumentum
1057 3496 1210 3563 utriusque
1228 3493 1342 3550 fabulae
1360 3494 1433 3548 satis

297 3585 400 3642 simile.
436 3584 528 3652 Atqui
558 3584 679 3639 minime
707 3585 774 3640 inde
804 3585 937 3653 sequitur
967 3586 1059 3640 totam
1089 3584 1165 3640 hane
1197 3598 1324 3651 scenam,
1359 3596 1435 3650 quae

297 3674 461 3729 necessaria
488 3688 603 3742 quoque
630 3674 693 3729 erat
718 3674 749 3728 in
776 3675 885 3729 Andria
912 3688 964 3742 gn,
991 3674 1130 3729 haustam
1158 3687 1223 3729 6666
1242 3687 1258 3728 6
1276 3671 1434 3727 Perinthia.

298 3763 367 3818 Huc
393 3764 512 3826 accedit,
539 3764 615 3831 quod
642 3777 729 3819 scena
756 3763 812 3833 illa,
840 3763 878 3818 Π.
897 3765 924 3834 2,
952 3763 1152 3818 deficientibus
1172 3761 1286 3818 Charini
1304 3761 1434 3829 partibus

299 3853 408 3921 optime
420 3853 498 3908 stare
510 3854 616 3922 potest,
627 3853 670 3908 ita
681 3853 724 3923 ut,
743 3853 858 3908 etiamsi
870 3854 1011 3908 concedas
1023 3866 1088 3908 earn
1100 3852 1238 3907 haustam
1250 3865 1266 3906 6
1278 3849 1434 3917 Perinthia,

299 3955 361 3996 non
380 3942 495 3997 constet
513 3941 628 3996 Charini
647 3954 761 4010 quoque
778 3943 876 4010 paries
894 3942 960 3996 inde
978 3942 1112 4008 sumptas
1124 3954 1197 3995 esse.
1224 3939 1292 3994 Loci
1313 3937 1437 4005 denique

299 4032 365 4094 duo,
392 4031 497 4098 ouibus
523 4032 699 4099 respondent
723 4045 826 4086 versus
845 4029 998 4100 Euripidei,
1018 4029 1081 4084 tarn
1099 4029 1161 4084 triti
1178 4029 1267 4096 atque
1285 4025 1435 4095 generales

300 4123 378 4190 sunt,
405 4121 440 4174 ut
473 4134 533 4175 non
567 4123 705 4190 appareat
737 4119 810 4176 haec
843 4121 962 4188 sumpta
992 4133 1057 4175 6666
1084 4133 1100 4174 6
1127 4118 1291 4186 Menandro,
1319 4115 1436 4171 assiduo

300 4208 444 4276 Euripidis
462 4208 617 4266 imitatore.
