<?xml version="1.0" encoding="UTF-8"?>
<!DOCTYPE html PUBLIC "-//W3C//DTD XHTML 1.0 Transitional//EN"
    "http://www.w3.org/TR/xhtml1/DTD/xhtml1-transitional.dtd">
<html xmlns="http://www.w3.org/1999/xhtml" xml:lang="en" lang="en">
 <head>
  <title>
</title>
<meta http-equiv="Content-Type" content="text/html;charset=utf-8" />
  <meta name='ocr-system' content='tesseract 3.04.00' />
  <meta name='ocr-capabilities' content='ocr_page ocr_carea ocr_par ocr_line ocrx_word'/>
</head>
<body>
  <div class='ocr_page' id='page_1' title='image "./questionesteren00sipkgoog_0092.png"; bbox 0 0 3368 5046; ppageno 0'>
   <div class='ocr_carea' id='block_1_1' title="bbox 813 537 851 595">
    <p class='ocr_par' dir='ltr' id='par_1_1' title="bbox 813 537 851 595">
     <span class='ocr_line' id='line_1_1' title="bbox 813 537 851 595; baseline -0.026 0"><span class='ocrx_word' id='word_1_1' title='bbox 813 537 851 595; x_wconf 76' lang='lat'>75</span> 
     </span>
    </p>
   </div>
   <div class='ocr_carea' id='block_1_2' title="bbox 263 721 1400 1102">
    <p class='ocr_par' dir='ltr' id='par_1_2' title="bbox 263 721 1400 1102">
     <span class='ocr_line' id='line_1_2' title="bbox 263 721 1400 798; baseline 0.004 -18"><span class='ocrx_word' id='word_1_2' title='bbox 263 721 402 781; x_wconf 85' lang='lat' dir='ltr'>Andriae</span> <span class='ocrx_word' id='word_1_3' title='bbox 426 737 470 782; x_wconf 87' lang='lat' dir='ltr'>sc.</span> <span class='ocrx_word' id='word_1_4' title='bbox 491 721 622 796; x_wconf 85' lang='lat' dir='ltr'>primae,</span> <span class='ocrx_word' id='word_1_5' title='bbox 647 721 767 794; x_wconf 90' lang='lat' dir='ltr'>inqua</span> <span class='ocrx_word' id='word_1_6' title='bbox 792 721 998 795; x_wconf 82' lang='lat' dir='ltr'>soliloquium</span> <span class='ocrx_word' id='word_1_7' title='bbox 1019 722 1106 782; x_wconf 89' lang='lat' dir='ltr'>senis</span> <span class='ocrx_word' id='word_1_8' title='bbox 1128 724 1210 796; x_wconf 83' lang='lat' dir='ltr'>arat;</span> <span class='ocrx_word' id='word_1_9' title='bbox 1229 738 1400 798; x_wconf 82' lang='lat' dir='ltr'>personam</span> 
     </span>
     <span class='ocr_line' id='line_1_3' title="bbox 263 828 1398 905; baseline 0.004 -19"><span class='ocrx_word' id='word_1_10' title='bbox 263 843 339 888; x_wconf 87' lang='lat' dir='ltr'>vero</span> <span class='ocrx_word' id='word_1_11' title='bbox 367 828 602 901; x_wconf 76' lang='lat' dir='ltr'>colloquentem</span> <span class='ocrx_word' id='word_1_12' title='bbox 616 829 764 886; x_wconf 89' lang='lat' dir='ltr'>mutasse</span> <span class='ocrx_word' id='word_1_13' title='bbox 775 829 807 886; x_wconf 90' lang='lat' dir='ltr'>et</span> <span class='ocrx_word' id='word_1_14' title='bbox 818 843 875 901; x_wconf 95' lang='lat' dir='ltr'>pro</span> <span class='ocrx_word' id='word_1_15' title='bbox 886 829 1037 888; x_wconf 89' lang='lat' dir='ltr'>matrona</span> <span class='ocrx_word' id='word_1_16' title='bbox 1047 829 1197 888; x_wconf 83' lang='lat' dir='ltr'>libertum</span> <span class='ocrx_word' id='word_1_17' title='bbox 1209 830 1398 905; x_wconf 86' lang='lat' dir='ltr'>inseruisse;</span> 
     </span>
     <span class='ocr_line' id='line_1_4' title="bbox 264 935 1399 1009; baseline 0.004 -17"><span class='ocrx_word' id='word_1_18' title='bbox 264 935 374 993; x_wconf 86' lang='lat' dir='ltr'>deinde</span> <span class='ocrx_word' id='word_1_19' title='bbox 395 949 413 993; x_wconf 89' lang='grc'>6</span> <span class='ocrx_word' id='word_1_20' title='bbox 433 935 554 995; x_wconf 90' lang='lat' dir='ltr'>scholio</span> <span class='ocrx_word' id='word_1_21' title='bbox 576 935 616 994; x_wconf 90' lang='lat' dir='ltr'>ad</span> <span class='ocrx_word' id='word_1_22' title='bbox 636 951 668 996; x_wconf 82' lang='grc'>1.</span> <span class='ocrx_word' id='word_1_23' title='bbox 690 936 738 1009; x_wconf 85' lang='grc'>10,</span> <span class='ocrx_word' id='word_1_24' title='bbox 761 949 875 994; x_wconf 83' lang='grc'>6661166</span> <span class='ocrx_word' id='word_1_25' title='bbox 889 935 962 994; x_wconf 89' lang='lat' dir='ltr'>illas</span> <span class='ocrx_word' id='word_1_26' title='bbox 977 936 1057 994; x_wconf 90' lang='lat' dir='ltr'>duas</span> <span class='ocrx_word' id='word_1_27' title='bbox 1071 936 1155 996; x_wconf 87' lang='lat' dir='ltr'>inter</span> <span class='ocrx_word' id='word_1_28' title='bbox 1169 951 1205 994; x_wconf 92' lang='lat' dir='ltr'>se</span> <span class='ocrx_word' id='word_1_29' title='bbox 1215 937 1399 997; x_wconf 89' lang='lat' dir='ltr'>simillimas</span> 
     </span>
     <span class='ocr_line' id='line_1_5' title="bbox 263 1041 461 1102; baseline 0 -2"><span class='ocrx_word' id='word_1_30' title='bbox 263 1041 372 1102; x_wconf 84' lang='lat' dir='ltr'>fuisse.</span> <span class='ocrx_word' id='word_1_31' title='bbox 459 1059 461 1064; x_wconf 72' lang='grc'>’</span> 
     </span>
    </p>
   </div>
   <div class='ocr_carea' id='block_1_3' title="bbox 262 1433 1401 2503">
    <p class='ocr_par' dir='ltr' id='par_1_3' title="bbox 262 1433 1400 1956">
     <span class='ocr_line' id='line_1_6' title="bbox 302 1433 1397 1542; baseline 0.001 -15"><span class='ocrx_word' id='word_1_32' title='bbox 302 1433 460 1542; x_wconf 77' lang='lat' dir='ltr'>Postqam</span> <span class='ocrx_word' id='word_1_33' title='bbox 495 1468 690 1528; x_wconf 89' lang='lat' dir='ltr'>scholiorum</span> <span class='ocrx_word' id='word_1_34' title='bbox 727 1468 991 1542; x_wconf 75' lang='lat' dir='ltr'>interpretatione</span> <span class='ocrx_word' id='word_1_35' title='bbox 1028 1467 1277 1528; x_wconf 85' lang='lat' dir='ltr'>fundamentum</span> <span class='ocrx_word' id='word_1_36' title='bbox 1315 1470 1397 1528; x_wconf 92' lang='lat' dir='ltr'>satis</span> 
     </span>
     <span class='ocr_line' id='line_1_7' title="bbox 262 1574 1398 1649; baseline 0.001 -16"><span class='ocrx_word' id='word_1_37' title='bbox 262 1574 393 1634; x_wconf 87' lang='lat' dir='ltr'>firmum</span> <span class='ocrx_word' id='word_1_38' title='bbox 423 1576 540 1635; x_wconf 88' lang='lat' dir='ltr'>nactus</span> <span class='ocrx_word' id='word_1_39' title='bbox 572 1590 656 1649; x_wconf 87' lang='lat' dir='ltr'>sum,</span> <span class='ocrx_word' id='word_1_40' title='bbox 688 1575 860 1648; x_wconf 84' lang='lat' dir='ltr'>inquiram,</span> <span class='ocrx_word' id='word_1_41' title='bbox 896 1590 979 1648; x_wconf 92' lang='lat' dir='ltr'>quae</span> <span class='ocrx_word' id='word_1_42' title='bbox 1006 1575 1187 1635; x_wconf 87' lang='lat' dir='ltr'>necessario</span> <span class='ocrx_word' id='word_1_43' title='bbox 1222 1576 1398 1634; x_wconf 89' lang='lat' dir='ltr'>mutaverit</span> 
     </span>
     <span class='ocr_line' id='line_1_8' title="bbox 262 1681 1397 1757; baseline 0 -16"><span class='ocrx_word' id='word_1_44' title='bbox 262 1683 379 1742; x_wconf 85' lang='lat' dir='ltr'>Noster</span> <span class='ocrx_word' id='word_1_45' title='bbox 408 1682 442 1741; x_wconf 88' lang='lat' dir='ltr'>in</span> <span class='ocrx_word' id='word_1_46' title='bbox 474 1681 645 1756; x_wconf 86' lang='lat' dir='ltr'>Perinthia,</span> <span class='ocrx_word' id='word_1_47' title='bbox 678 1697 754 1740; x_wconf 90' lang='lat' dir='ltr'>cum</span> <span class='ocrx_word' id='word_1_48' title='bbox 783 1697 954 1756; x_wconf 86' lang='lat' dir='ltr'>personam</span> <span class='ocrx_word' id='word_1_49' title='bbox 983 1682 1217 1756; x_wconf 85' lang='lat' dir='ltr'>colloquentem</span> <span class='ocrx_word' id='word_1_50' title='bbox 1246 1683 1397 1757; x_wconf 90' lang='lat' dir='ltr'>mutaret,</span> 
     </span>
     <span class='ocr_line' id='line_1_9' title="bbox 264 1789 1400 1864; baseline 0.002 -18"><span class='ocrx_word' id='word_1_51' title='bbox 264 1789 374 1848; x_wconf 87' lang='lat' dir='ltr'>deinde</span> <span class='ocrx_word' id='word_1_52' title='bbox 422 1803 478 1848; x_wconf 89' lang='lat' dir='ltr'>cur</span> <span class='ocrx_word' id='word_1_53' title='bbox 524 1789 658 1848; x_wconf 91' lang='lat' dir='ltr'>tandem</span> <span class='ocrx_word' id='word_1_54' title='bbox 707 1789 889 1848; x_wconf 90' lang='lat' dir='ltr'>Perinthiae</span> <span class='ocrx_word' id='word_1_55' title='bbox 927 1790 941 1847; x_wconf 93' lang='grc' dir='ltr'>Ι</span> <span class='ocrx_word' id='word_1_56' title='bbox 982 1790 997 1847; x_wconf 90' lang='grc'>1</span> <span class='ocrx_word' id='word_1_57' title='bbox 1036 1790 1222 1864; x_wconf 89' lang='lat' dir='ltr'>praetulerit</span> <span class='ocrx_word' id='word_1_58' title='bbox 1261 1790 1400 1849; x_wconf 87' lang='lat' dir='ltr'>Andriae</span> 
     </span>
     <span class='ocr_line' id='line_1_10' title="bbox 263 1896 515 1956; baseline 0.008 -2"><span class='ocrx_word' id='word_1_59' title='bbox 263 1910 379 1954; x_wconf 86' lang='lat' dir='ltr'>scenae</span> <span class='ocrx_word' id='word_1_60' title='bbox 401 1896 515 1956; x_wconf 88' lang='lat' dir='ltr'>eidem.</span> 
     </span>
    </p>

    <p class='ocr_par' dir='ltr' id='par_1_4' title="bbox 263 2003 1401 2503">
     <span class='ocr_line' id='line_1_11' title="bbox 302 2003 1397 2078; baseline 0.002 -17"><span class='ocrx_word' id='word_1_61' title='bbox 302 2003 342 2062; x_wconf 82' lang='lat' dir='ltr'>Et</span> <span class='ocrx_word' id='word_1_62' title='bbox 363 2004 504 2078; x_wconf 89' lang='lat' dir='ltr'>primum</span> <span class='ocrx_word' id='word_1_63' title='bbox 525 2003 663 2076; x_wconf 90' lang='lat' dir='ltr'>quidem,</span> <span class='ocrx_word' id='word_1_64' title='bbox 685 2018 768 2076; x_wconf 92' lang='lat' dir='ltr'>quae</span> <span class='ocrx_word' id='word_1_65' title='bbox 787 2003 871 2061; x_wconf 90' lang='lat' dir='ltr'>inter</span> <span class='ocrx_word' id='word_1_66' title='bbox 891 2018 927 2061; x_wconf 89' lang='lat' dir='ltr'>se</span> <span class='ocrx_word' id='word_1_67' title='bbox 948 2003 1122 2078; x_wconf 91' lang='lat' dir='ltr'>loquuntur</span> <span class='ocrx_word' id='word_1_68' title='bbox 1144 2004 1233 2062; x_wconf 88' lang='lat' dir='ltr'>Simo</span> <span class='ocrx_word' id='word_1_69' title='bbox 1255 2004 1287 2062; x_wconf 90' lang='lat' dir='ltr'>et</span> <span class='ocrx_word' id='word_1_70' title='bbox 1303 2003 1397 2063; x_wconf 85' lang='lat' dir='ltr'>Sosia</span> 
     </span>
     <span class='ocr_line' id='line_1_12' title="bbox 264 2110 1401 2184; baseline 0 -16"><span class='ocrx_word' id='word_1_71' title='bbox 264 2125 283 2168; x_wconf 89' lang='grc'>6</span> <span class='ocrx_word' id='word_1_72' title='bbox 310 2126 340 2170; x_wconf 78' lang='lat' dir='ltr'>v,</span> <span class='ocrx_word' id='word_1_73' title='bbox 369 2112 407 2170; x_wconf 78' lang='lat'>28</span> <span class='ocrx_word' id='word_1_74' title='bbox 443 2111 482 2169; x_wconf 91' lang='lat' dir='ltr'>ad</span> <span class='ocrx_word' id='word_1_75' title='bbox 503 2125 533 2170; x_wconf 77' lang='lat' dir='ltr'>v,</span> <span class='ocrx_word' id='word_1_76' title='bbox 555 2111 595 2170; x_wconf 88' lang='grc'>46</span> <span class='ocrx_word' id='word_1_77' title='bbox 617 2111 641 2174; x_wconf 90' lang='grc' dir='ltr'>(Ι</span> <span class='ocrx_word' id='word_1_78' title='bbox 663 2111 690 2169; x_wconf 93' lang='grc'>1.</span> <span class='ocrx_word' id='word_1_79' title='bbox 714 2111 831 2184; x_wconf 84' lang='lat'>1—18),</span> <span class='ocrx_word' id='word_1_80' title='bbox 855 2110 987 2169; x_wconf 89' lang='lat' dir='ltr'>dubium</span> <span class='ocrx_word' id='word_1_81' title='bbox 1009 2126 1080 2170; x_wconf 87' lang='lat' dir='ltr'>esse</span> <span class='ocrx_word' id='word_1_82' title='bbox 1101 2126 1164 2170; x_wconf 91' lang='lat' dir='ltr'>non</span> <span class='ocrx_word' id='word_1_83' title='bbox 1185 2111 1302 2184; x_wconf 89' lang='lat' dir='ltr'>potest,</span> <span class='ocrx_word' id='word_1_84' title='bbox 1325 2111 1401 2184; x_wconf 93' lang='lat' dir='ltr'>quin</span> 
     </span>
     <span class='ocr_line' id='line_1_13' title="bbox 264 2216 1398 2291; baseline -0.002 -15"><span class='ocrx_word' id='word_1_85' title='bbox 264 2217 412 2277; x_wconf 84' lang='lat' dir='ltr'>Terentio</span> <span class='ocrx_word' id='word_1_86' title='bbox 439 2217 502 2291; x_wconf 91' lang='lat' dir='ltr'>ipsi</span> <span class='ocrx_word' id='word_1_87' title='bbox 528 2216 698 2275; x_wconf 87' lang='lat' dir='ltr'>tribuenda</span> <span class='ocrx_word' id='word_1_88' title='bbox 726 2217 800 2289; x_wconf 91' lang='lat' dir='ltr'>sint,</span> <span class='ocrx_word' id='word_1_89' title='bbox 824 2217 900 2290; x_wconf 87' lang='lat' dir='ltr'>quia</span> <span class='ocrx_word' id='word_1_90' title='bbox 921 2217 1189 2276; x_wconf 87' lang='lat' dir='ltr'>demonstrationi</span> <span class='ocrx_word' id='word_1_91' title='bbox 1209 2217 1398 2287; x_wconf 87' lang='lat' dir='ltr'>inserviunt,</span> 
     </span>
     <span class='ocr_line' id='line_1_14' title="bbox 263 2323 1399 2398; baseline 0 -17"><span class='ocrx_word' id='word_1_92' title='bbox 263 2337 319 2381; x_wconf 86' lang='lat' dir='ltr'>cur</span> <span class='ocrx_word' id='word_1_93' title='bbox 350 2323 478 2382; x_wconf 86' lang='lat' dir='ltr'>Sosiam</span> <span class='ocrx_word' id='word_1_94' title='bbox 509 2338 585 2397; x_wconf 89' lang='lat' dir='ltr'>prae</span> <span class='ocrx_word' id='word_1_95' title='bbox 616 2323 731 2382; x_wconf 88' lang='lat' dir='ltr'>ceteris</span> <span class='ocrx_word' id='word_1_96' title='bbox 763 2323 891 2396; x_wconf 84' lang='lat' dir='ltr'>elegerit</span> <span class='ocrx_word' id='word_1_97' title='bbox 924 2324 1081 2398; x_wconf 90' lang='lat' dir='ltr'>dominus,</span> <span class='ocrx_word' id='word_1_98' title='bbox 1113 2324 1166 2382; x_wconf 91' lang='lat' dir='ltr'>cui</span> <span class='ocrx_word' id='word_1_99' title='bbox 1190 2324 1315 2382; x_wconf 86' lang='lat' dir='ltr'>secreta</span> <span class='ocrx_word' id='word_1_100' title='bbox 1339 2338 1399 2381; x_wconf 88' lang='lat' dir='ltr'>sua</span> 
     </span>
     <span class='ocr_line' id='line_1_15' title="bbox 263 2429 1400 2503; baseline 0.001 -15"><span class='ocrx_word' id='word_1_101' title='bbox 263 2431 425 2488; x_wconf 88' lang='lat' dir='ltr'>enarraret</span> <span class='ocrx_word' id='word_1_102' title='bbox 464 2430 618 2503; x_wconf 91' lang='lat' dir='ltr'>cuiusque</span> <span class='ocrx_word' id='word_1_103' title='bbox 656 2429 767 2488; x_wconf 91' lang='lat' dir='ltr'>deinde</span> <span class='ocrx_word' id='word_1_104' title='bbox 805 2445 936 2502; x_wconf 89' lang='lat' dir='ltr'>operam</span> <span class='ocrx_word' id='word_1_105' title='bbox 975 2430 1014 2488; x_wconf 93' lang='lat' dir='ltr'>ad</span> <span class='ocrx_word' id='word_1_106' title='bbox 1049 2430 1182 2490; x_wconf 91' lang='lat' dir='ltr'>consilia</span> <span class='ocrx_word' id='word_1_107' title='bbox 1213 2430 1400 2503; x_wconf 88' lang='lat' dir='ltr'>exequenda</span> 
     </span>
    </p>
   </div>
   <div class='ocr_carea' id='block_1_4' title="bbox 261 2536 1399 3250">
    <p class='ocr_par' dir='ltr' id='par_1_5' title="bbox 261 2536 1399 3250">
     <span class='ocr_line' id='line_1_16' title="bbox 261 2536 1399 2612; baseline 0 -18"><span class='ocrx_word' id='word_1_108' title='bbox 261 2537 442 2610; x_wconf 89' lang='lat' dir='ltr'>usurparet.</span> <span class='ocrx_word' id='word_1_109' title='bbox 484 2537 688 2612; x_wconf 76' lang='lat' dir='ltr'>Quamquam</span> <span class='ocrx_word' id='word_1_110' title='bbox 730 2537 808 2595; x_wconf 86' lang='lat' dir='ltr'>certi</span> <span class='ocrx_word' id='word_1_111' title='bbox 850 2536 968 2609; x_wconf 87' lang='lat' dir='ltr'>aliquid</span> <span class='ocrx_word' id='word_1_112' title='bbox 1002 2536 1041 2594; x_wconf 90' lang='lat' dir='ltr'>de</span> <span class='ocrx_word' id='word_1_113' title='bbox 1076 2537 1238 2595; x_wconf 87' lang='lat' dir='ltr'>Perinthia</span> <span class='ocrx_word' id='word_1_114' title='bbox 1268 2536 1399 2609; x_wconf 88' lang='lat' dir='ltr'>proferri</span> 
     </span>
     <span class='ocr_line' id='line_1_17' title="bbox 262 2643 1398 2717; baseline -0.001 -16"><span class='ocrx_word' id='word_1_115' title='bbox 262 2657 326 2702; x_wconf 92' lang='lat' dir='ltr'>non</span> <span class='ocrx_word' id='word_1_116' title='bbox 356 2644 473 2717; x_wconf 90' lang='lat' dir='ltr'>potest,</span> <span class='ocrx_word' id='word_1_117' title='bbox 505 2658 569 2702; x_wconf 94' lang='lat' dir='ltr'>non</span> <span class='ocrx_word' id='word_1_118' title='bbox 601 2643 760 2702; x_wconf 87' lang='lat' dir='ltr'>absonum</span> <span class='ocrx_word' id='word_1_119' title='bbox 781 2643 915 2717; x_wconf 90' lang='lat' dir='ltr'>videtur,</span> <span class='ocrx_word' id='word_1_120' title='bbox 943 2643 988 2701; x_wconf 92' lang='lat' dir='ltr'>ibi</span> <span class='ocrx_word' id='word_1_121' title='bbox 1009 2657 1135 2716; x_wconf 91' lang='lat' dir='ltr'>quoque</span> <span class='ocrx_word' id='word_1_122' title='bbox 1155 2643 1266 2716; x_wconf 86' lang='lat' dir='ltr'>paucis</span> <span class='ocrx_word' id='word_1_123' title='bbox 1288 2643 1398 2701; x_wconf 86' lang='lat' dir='ltr'>uxoris</span> 
     </span>
     <span class='ocr_line' id='line_1_18' title="bbox 264 2749 1397 2824; baseline 0 -16"><span class='ocrx_word' id='word_1_124' title='bbox 264 2750 410 2808; x_wconf 87' lang='lat' dir='ltr'>animum</span> <span class='ocrx_word' id='word_1_125' title='bbox 430 2750 690 2824; x_wconf 87' lang='lat' dir='ltr'>praeparavissse</span> <span class='ocrx_word' id='word_1_126' title='bbox 710 2765 821 2808; x_wconf 89' lang='lat' dir='ltr'>senem</span> <span class='ocrx_word' id='word_1_127' title='bbox 843 2750 883 2808; x_wconf 92' lang='lat' dir='ltr'>ad</span> <span class='ocrx_word' id='word_1_128' title='bbox 898 2764 944 2823; x_wconf 91' lang='lat' dir='ltr'>ea,</span> <span class='ocrx_word' id='word_1_129' title='bbox 961 2765 1043 2822; x_wconf 90' lang='lat' dir='ltr'>quae</span> <span class='ocrx_word' id='word_1_130' title='bbox 1057 2765 1136 2808; x_wconf 86' lang='lat' dir='ltr'>mox</span> <span class='ocrx_word' id='word_1_131' title='bbox 1148 2749 1291 2807; x_wconf 90' lang='lat' dir='ltr'>dicturus</span> <span class='ocrx_word' id='word_1_132' title='bbox 1303 2749 1397 2808; x_wconf 88' lang='lat' dir='ltr'>esset.</span> 
     </span>
     <span class='ocr_line' id='line_1_19' title="bbox 262 2855 1398 2930; baseline 0.002 -17"><span class='ocrx_word' id='word_1_133' title='bbox 262 2856 341 2914; x_wconf 86' lang='lat' dir='ltr'>Vide</span> <span class='ocrx_word' id='word_1_134' title='bbox 367 2857 522 2916; x_wconf 84' lang='lat' dir='ltr'>Dniatzko</span> <span class='ocrx_word' id='word_1_135' title='bbox 544 2857 583 2917; x_wconf 87' lang='lat' dir='ltr'>M.</span> <span class='ocrx_word' id='word_1_136' title='bbox 605 2858 643 2917; x_wconf 91' lang='lat' dir='ltr'>R.</span> <span class='ocrx_word' id='word_1_137' title='bbox 664 2872 694 2930; x_wconf 93' lang='lat' dir='ltr'>p.</span> <span class='ocrx_word' id='word_1_138' title='bbox 717 2858 784 2916; x_wconf 78' lang='lat'>249.</span> <span class='ocrx_word' id='word_1_139' title='bbox 807 2857 844 2914; x_wconf 90' lang='lat' dir='ltr'>In</span> <span class='ocrx_word' id='word_1_140' title='bbox 865 2855 987 2929; x_wconf 88' lang='lat' dir='ltr'>reliqua</span> <span class='ocrx_word' id='word_1_141' title='bbox 1008 2870 1105 2914; x_wconf 86' lang='lat' dir='ltr'>scena</span> <span class='ocrx_word' id='word_1_142' title='bbox 1127 2855 1219 2915; x_wconf 86' lang='lat' dir='ltr'>Sosia</span> <span class='ocrx_word' id='word_1_143' title='bbox 1240 2869 1398 2930; x_wconf 90' lang='lat' dir='ltr'>perpauca</span> 
     </span>
     <span class='ocr_line' id='line_1_20' title="bbox 262 2960 1398 3037; baseline -0.001 -17"><span class='ocrx_word' id='word_1_144' title='bbox 262 2962 442 3037; x_wconf 88' lang='lat' dir='ltr'>interponit,</span> <span class='ocrx_word' id='word_1_145' title='bbox 471 2963 659 3036; x_wconf 88' lang='lat' dir='ltr'>plerumque</span> <span class='ocrx_word' id='word_1_146' title='bbox 685 2963 744 3022; x_wconf 92' lang='lat' dir='ltr'>hoc</span> <span class='ocrx_word' id='word_1_147' title='bbox 773 2978 837 3021; x_wconf 90' lang='lat' dir='ltr'>uno</span> <span class='ocrx_word' id='word_1_148' title='bbox 859 2962 1039 3036; x_wconf 89' lang='lat' dir='ltr'>contentus,</span> <span class='ocrx_word' id='word_1_149' title='bbox 1064 2962 1101 3020; x_wconf 91' lang='lat' dir='ltr'>ut</span> <span class='ocrx_word' id='word_1_150' title='bbox 1122 2962 1220 3021; x_wconf 91' lang='lat' dir='ltr'>verbo</span> <span class='ocrx_word' id='word_1_151' title='bbox 1242 2960 1398 3036; x_wconf 85' lang='lat' dir='ltr'>significet</span> 
     </span>
     <span class='ocr_line' id='line_1_21' title="bbox 264 3069 1398 3143; baseline 0 -15"><span class='ocrx_word' id='word_1_152' title='bbox 264 3070 438 3129; x_wconf 86' lang='lat' dir='ltr'>adsensum</span> <span class='ocrx_word' id='word_1_153' title='bbox 476 3085 573 3128; x_wconf 92' lang='lat' dir='ltr'>suum</span> <span class='ocrx_word' id='word_1_154' title='bbox 612 3074 643 3128; x_wconf 86' lang='lat' dir='ltr'>et</span> <span class='ocrx_word' id='word_1_155' title='bbox 674 3085 920 3142; x_wconf 91' lang='lat' dir='ltr'>nonnumquam</span> <span class='ocrx_word' id='word_1_156' title='bbox 950 3069 1116 3143; x_wconf 90' lang='lat' dir='ltr'>proverbio</span> <span class='ocrx_word' id='word_1_157' title='bbox 1148 3069 1268 3128; x_wconf 90' lang='lat' dir='ltr'>domini</span> <span class='ocrx_word' id='word_1_158' title='bbox 1299 3069 1398 3128; x_wconf 88' lang='lat' dir='ltr'>verba</span> 
     </span>
     <span class='ocr_line' id='line_1_22' title="bbox 264 3174 1399 3250; baseline 0 -16"><span class='ocrx_word' id='word_1_159' title='bbox 264 3174 440 3236; x_wconf 89' lang='lat' dir='ltr'>confirmet.</span> <span class='ocrx_word' id='word_1_160' title='bbox 469 3177 514 3236; x_wconf 80' lang='lat' dir='ltr'>Cf.</span> <span class='ocrx_word' id='word_1_161' title='bbox 546 3193 577 3236; x_wconf 90' lang='lat' dir='ltr'>v.</span> <span class='ocrx_word' id='word_1_162' title='bbox 609 3179 657 3236; x_wconf 80' lang='lat'>64.</span> <span class='ocrx_word' id='word_1_163' title='bbox 690 3177 790 3249; x_wconf 87' lang='lat' dir='ltr'>ltast;</span> <span class='ocrx_word' id='word_1_164' title='bbox 819 3192 849 3236; x_wconf 80' lang='grc' dir='ltr'>ν.</span> <span class='ocrx_word' id='word_1_165' title='bbox 873 3176 977 3250; x_wconf 76' lang='grc'>73111,</span> <span class='ocrx_word' id='word_1_166' title='bbox 999 3191 1119 3250; x_wconf 91' lang='lat' dir='ltr'>vereor,</span> <span class='ocrx_word' id='word_1_167' title='bbox 1141 3176 1257 3248; x_wconf 90' lang='lat' dir='ltr'>nequid</span> <span class='ocrx_word' id='word_1_168' title='bbox 1279 3176 1399 3235; x_wconf 87' lang='lat' dir='ltr'>Andria</span> 
     </span>
    </p>
   </div>
   <div class='ocr_carea' id='block_1_5' title="bbox 263 3283 1400 3783">
    <p class='ocr_par' dir='ltr' id='par_1_6' title="bbox 263 3283 1400 3783">
     <span class='ocr_line' id='line_1_23' title="bbox 264 3283 1399 3358; baseline -0.003 -17"><span class='ocrx_word' id='word_1_169' title='bbox 264 3284 409 3356; x_wconf 83' lang='lat' dir='ltr'>adportet</span> <span class='ocrx_word' id='word_1_170' title='bbox 437 3284 531 3357; x_wconf 89' lang='lat' dir='ltr'>mali;</span> <span class='ocrx_word' id='word_1_171' title='bbox 559 3299 590 3344; x_wconf 82' lang='grc'>11.</span> <span class='ocrx_word' id='word_1_172' title='bbox 619 3285 658 3343; x_wconf 89' lang='lat'>86</span> <span class='ocrx_word' id='word_1_173' title='bbox 680 3284 855 3354; x_wconf 65' lang='lat' dir='ltr'>&#39;lenem-v,</span> <span class='ocrx_word' id='word_1_174' title='bbox 879 3284 936 3342; x_wconf 84' lang='lat'>103</span> <span class='ocrx_word' id='word_1_175' title='bbox 958 3283 1037 3358; x_wconf 84' lang='lat' dir='ltr'>Quid</span> <span class='ocrx_word' id='word_1_176' title='bbox 1058 3283 1156 3356; x_wconf 86' lang='lat' dir='ltr'>igitur</span> <span class='ocrx_word' id='word_1_177' title='bbox 1178 3283 1297 3356; x_wconf 89' lang='lat' dir='ltr'>obstat,</span> <span class='ocrx_word' id='word_1_178' title='bbox 1320 3297 1399 3355; x_wconf 87' lang='lat' dir='ltr'>quor</span> 
     </span>
     <span class='ocr_line' id='line_1_24' title="bbox 263 3389 1400 3461; baseline 0 -13"><span class='ocrx_word' id='word_1_179' title='bbox 263 3405 328 3450; x_wconf 90' lang='lat' dir='ltr'>non</span> <span class='ocrx_word' id='word_1_180' title='bbox 348 3389 451 3450; x_wconf 84' lang='lat' dir='ltr'>fiant?</span> <span class='ocrx_word' id='word_1_181' title='bbox 471 3407 502 3447; x_wconf 92' lang='lat' dir='ltr'>v.</span> <span class='ocrx_word' id='word_1_182' title='bbox 525 3392 582 3450; x_wconf 78' lang='lat'>115</span> <span class='ocrx_word' id='word_1_183' title='bbox 608 3406 626 3450; x_wconf 97' lang='lat' dir='ltr'>o</span> <span class='ocrx_word' id='word_1_184' title='bbox 648 3391 772 3449; x_wconf 85' lang='lat' dir='ltr'>factum</span> <span class='ocrx_word' id='word_1_185' title='bbox 790 3390 885 3450; x_wconf 88' lang='lat' dir='ltr'>bene:</span> <span class='ocrx_word' id='word_1_186' title='bbox 907 3390 1033 3451; x_wconf 89' lang='lat' dir='ltr'>Beasti:</span> <span class='ocrx_word' id='word_1_187' title='bbox 1053 3391 1081 3448; x_wconf 90' lang='lat' dir='ltr'>ei</span> <span class='ocrx_word' id='word_1_188' title='bbox 1095 3390 1197 3448; x_wconf 92' lang='lat' dir='ltr'>metui</span> <span class='ocrx_word' id='word_1_189' title='bbox 1212 3405 1232 3448; x_wconf 98' lang='grc'>6</span> <span class='ocrx_word' id='word_1_190' title='bbox 1247 3389 1400 3461; x_wconf 79' lang='lat' dir='ltr'>Chryside</span> 
     </span>
     <span class='ocr_line' id='line_1_25' title="bbox 264 3495 1398 3571; baseline 0.001 -18"><span class='ocrx_word' id='word_1_191' title='bbox 264 3511 293 3553; x_wconf 86' lang='lat' dir='ltr'>v.</span> <span class='ocrx_word' id='word_1_192' title='bbox 327 3498 385 3556; x_wconf 89' lang='grc'>116</span> <span class='ocrx_word' id='word_1_193' title='bbox 416 3497 510 3571; x_wconf 90' lang='lat' dir='ltr'>Hem,</span> <span class='ocrx_word' id='word_1_194' title='bbox 543 3497 617 3570; x_wconf 91' lang='lat' dir='ltr'>quid</span> <span class='ocrx_word' id='word_1_195' title='bbox 650 3495 1398 3570; x_wconf 61' lang='grc' dir='ltr'>66171.119Βο11616116666,11.127’1116111</span> 
     </span>
     <span class='ocr_line' id='line_1_26' title="bbox 263 3601 1397 3678; baseline 0.001 -18"><span class='ocrx_word' id='word_1_196' title='bbox 263 3603 373 3675; x_wconf 87' lang='lat' dir='ltr'>timec,</span> <span class='ocrx_word' id='word_1_197' title='bbox 395 3619 549 3677; x_wconf 88' lang='lat' dir='ltr'>quorsum</span> <span class='ocrx_word' id='word_1_198' title='bbox 571 3604 765 3664; x_wconf 75' lang='grc'>61616671.</span> <span class='ocrx_word' id='word_1_199' title='bbox 788 3604 844 3663; x_wconf 89' lang='grc'>137</span> <span class='ocrx_word' id='word_1_200' title='bbox 867 3603 946 3678; x_wconf 77' lang='lat' dir='ltr'>Quid</span> <span class='ocrx_word' id='word_1_201' title='bbox 969 3603 1091 3662; x_wconf 77' lang='grc'>61671.</span> <span class='ocrx_word' id='word_1_202' title='bbox 1113 3604 1153 3662; x_wconf 89' lang='lat'>60</span> <span class='ocrx_word' id='word_1_203' title='bbox 1173 3601 1244 3660; x_wconf 88' lang='lat' dir='ltr'>Non</span> <span class='ocrx_word' id='word_1_204' title='bbox 1265 3601 1397 3661; x_wconf 87' lang='lat' dir='ltr'>iniuria:</span> 
     </span>
     <span class='ocr_line' id='line_1_27' title="bbox 264 3708 1398 3783; baseline 0 -15"><span class='ocrx_word' id='word_1_205' title='bbox 264 3725 342 3769; x_wconf 87' lang='lat' dir='ltr'>nam</span> <span class='ocrx_word' id='word_1_206' title='bbox 368 3711 401 3769; x_wconf 93' lang='lat' dir='ltr'>id</span> <span class='ocrx_word' id='word_1_207' title='bbox 422 3711 558 3770; x_wconf 89' lang='lat' dir='ltr'>arbitror</span> <span class='ocrx_word' id='word_1_208' title='bbox 578 3710 731 3783; x_wconf 90' lang='lat' dir='ltr'>Adprime</span> <span class='ocrx_word' id='word_1_209' title='bbox 750 3710 785 3768; x_wconf 89' lang='lat' dir='ltr'>in</span> <span class='ocrx_word' id='word_1_210' title='bbox 805 3711 875 3772; x_wconf 89' lang='lat' dir='ltr'>vita</span> <span class='ocrx_word' id='word_1_211' title='bbox 896 3724 967 3768; x_wconf 89' lang='lat' dir='ltr'>esse</span> <span class='ocrx_word' id='word_1_212' title='bbox 987 3709 1074 3783; x_wconf 90' lang='lat' dir='ltr'>utile,</span> <span class='ocrx_word' id='word_1_213' title='bbox 1097 3710 1134 3766; x_wconf 91' lang='lat' dir='ltr'>ut</span> <span class='ocrx_word' id='word_1_214' title='bbox 1155 3708 1271 3781; x_wconf 88' lang='lat' dir='ltr'>nequid</span> <span class='ocrx_word' id='word_1_215' title='bbox 1291 3708 1398 3768; x_wconf 89' lang='lat' dir='ltr'>nimis.</span> 
     </span>
    </p>
   </div>
   <div class='ocr_carea' id='block_1_6' title="bbox 264 3801 1495 3890">
    <p class='ocr_par' dir='ltr' id='par_1_7' title="bbox 264 3801 1495 3890">
     <span class='ocr_line' id='line_1_28' title="bbox 264 3801 1495 3890; baseline -0.002 -16"><span class='ocrx_word' id='word_1_216' title='bbox 264 3833 294 3878; x_wconf 91' lang='lat' dir='ltr'>v.</span> <span class='ocrx_word' id='word_1_217' title='bbox 323 3819 360 3877; x_wconf 90' lang='grc'>67</span> <span class='ocrx_word' id='word_1_218' title='bbox 391 3818 556 3890; x_wconf 90' lang='lat' dir='ltr'>Sapienter</span> <span class='ocrx_word' id='word_1_219' title='bbox 583 3818 688 3876; x_wconf 91' lang='lat' dir='ltr'>vitam</span> <span class='ocrx_word' id='word_1_220' title='bbox 715 3817 873 3878; x_wconf 90' lang='lat' dir='ltr'>instituit:</span> <span class='ocrx_word' id='word_1_221' title='bbox 905 3831 1046 3890; x_wconf 89' lang='lat' dir='ltr'>namque</span> <span class='ocrx_word' id='word_1_222' title='bbox 1066 3817 1126 3875; x_wconf 93' lang='lat' dir='ltr'>hoc</span> <span class='ocrx_word' id='word_1_223' title='bbox 1146 3816 1292 3890; x_wconf 86' lang='lat' dir='ltr'>tempore</span> <span class='ocrx_word' id='word_1_224' title='bbox 1313 3815 1400 3874; x_wconf 87' lang='lat' dir='ltr'>obse·</span> <span class='ocrx_word' id='word_1_225' title='bbox 1493 3801 1495 3805; x_wconf 64' lang='grc'>’</span> 
     </span>
    </p>
   </div>
   <div class='ocr_carea' id='block_1_7' title="bbox 263 3924 1401 4315">
    <p class='ocr_par' dir='ltr' id='par_1_8' title="bbox 264 3924 918 3998">
     <span class='ocr_line' id='line_1_29' title="bbox 264 3924 918 3998; baseline 0.002 -15"><span class='ocrx_word' id='word_1_226' title='bbox 264 3925 376 3998; x_wconf 91' lang='lat' dir='ltr'>quium</span> <span class='ocrx_word' id='word_1_227' title='bbox 398 3925 529 3998; x_wconf 74' lang='lat' dir='ltr'>amicos</span> <span class='ocrx_word' id='word_1_228' title='bbox 552 3926 673 3984; x_wconf 87' lang='lat' dir='ltr'>veritas</span> <span class='ocrx_word' id='word_1_229' title='bbox 696 3925 804 3985; x_wconf 88' lang='lat' dir='ltr'>odium</span> <span class='ocrx_word' id='word_1_230' title='bbox 825 3924 918 3998; x_wconf 88' lang='lat' dir='ltr'>parit.</span> 
     </span>
    </p>

    <p class='ocr_par' dir='ltr' id='par_1_9' title="bbox 263 4028 1401 4315">
     <span class='ocr_line' id='line_1_30' title="bbox 304 4028 1401 4107; baseline -0.005 -17"><span class='ocrx_word' id='word_1_231' title='bbox 304 4032 363 4107; x_wconf 80' lang='lat' dir='ltr'>Qui</span> <span class='ocrx_word' id='word_1_232' title='bbox 390 4032 515 4106; x_wconf 87' lang='lat' dir='ltr'>integro</span> <span class='ocrx_word' id='word_1_233' title='bbox 547 4032 655 4092; x_wconf 85' lang='lat' dir='ltr'>animo</span> <span class='ocrx_word' id='word_1_234' title='bbox 687 4033 766 4090; x_wconf 89' lang='lat' dir='ltr'>haec</span> <span class='ocrx_word' id='word_1_235' title='bbox 797 4031 973 4104; x_wconf 87' lang='lat' dir='ltr'>perlegerit,</span> <span class='ocrx_word' id='word_1_236' title='bbox 1006 4029 1156 4089; x_wconf 89' lang='lat' dir='ltr'>concedet</span> <span class='ocrx_word' id='word_1_237' title='bbox 1184 4028 1278 4087; x_wconf 89' lang='lat' dir='ltr'>uxori</span> <span class='ocrx_word' id='word_1_238' title='bbox 1303 4028 1401 4100; x_wconf 86' lang='lat' dir='ltr'>atquo</span> 
     </span>
     <span class='ocr_line' id='line_1_31' title="bbox 263 4135 1399 4214; baseline -0.004 -19"><span class='ocrx_word' id='word_1_239' title='bbox 263 4137 377 4200; x_wconf 87' lang='lat' dir='ltr'>liberto</span> <span class='ocrx_word' id='word_1_240' title='bbox 399 4151 500 4212; x_wconf 89' lang='lat' dir='ltr'>aeque</span> <span class='ocrx_word' id='word_1_241' title='bbox 520 4140 597 4214; x_wconf 87' lang='lat' dir='ltr'>apta</span> <span class='ocrx_word' id='word_1_242' title='bbox 618 4154 699 4199; x_wconf 89' lang='lat' dir='ltr'>esse.</span> <span class='ocrx_word' id='word_1_243' title='bbox 715 4140 803 4214; x_wconf 77' lang='lat' dir='ltr'>Quae</span> <span class='ocrx_word' id='word_1_244' title='bbox 813 4139 886 4211; x_wconf 92' lang='lat' dir='ltr'>post</span> <span class='ocrx_word' id='word_1_245' title='bbox 897 4153 928 4198; x_wconf 77' lang='lat' dir='ltr'>v,</span> <span class='ocrx_word' id='word_1_246' title='bbox 942 4138 998 4196; x_wconf 87' lang='grc'>137</span> <span class='ocrx_word' id='word_1_247' title='bbox 1011 4152 1030 4196; x_wconf 91' lang='grc'>6</span> <span class='ocrx_word' id='word_1_248' title='bbox 1042 4136 1134 4195; x_wconf 85' lang='lat' dir='ltr'>Sosia</span> <span class='ocrx_word' id='word_1_249' title='bbox 1144 4135 1399 4208; x_wconf 88' lang='lat' dir='ltr'>interponuntur,</span> 
     </span>
     <span class='ocr_line' id='line_1_32' title="bbox 265 4239 1398 4315; baseline -0.004 -13"><span class='ocrx_word' id='word_1_250' title='bbox 265 4239 344 4303; x_wconf 89' lang='lat' dir='ltr'>mihi</span> <span class='ocrx_word' id='word_1_251' title='bbox 375 4246 516 4306; x_wconf 90' lang='lat' dir='ltr'>matrem</span> <span class='ocrx_word' id='word_1_252' title='bbox 547 4246 647 4304; x_wconf 90' lang='lat' dir='ltr'>etiam</span> <span class='ocrx_word' id='word_1_253' title='bbox 678 4245 794 4304; x_wconf 91' lang='lat' dir='ltr'>melius</span> <span class='ocrx_word' id='word_1_254' title='bbox 826 4245 936 4303; x_wconf 88' lang='lat' dir='ltr'>decere</span> <span class='ocrx_word' id='word_1_255' title='bbox 963 4243 1112 4302; x_wconf 86' lang='lat' dir='ltr'>videntur</span> <span class='ocrx_word' id='word_1_256' title='bbox 1140 4257 1239 4315; x_wconf 87' lang='lat' dir='ltr'>quam</span> <span class='ocrx_word' id='word_1_257' title='bbox 1262 4240 1398 4314; x_wconf 86' lang='lat' dir='ltr'>Sosiam,</span> 
     </span>
    </p>
   </div>
   <div class='ocr_carea' id='block_1_8' title="bbox 0 0 1690 5046">
    <p class='ocr_par' dir='ltr' id='par_1_10' title="bbox 0 0 1690 5046">
     <span class='ocr_line' id='line_1_33' title="bbox 0 0 1690 5046; baseline 0 0"><span class='ocrx_word' id='word_1_258' title='bbox 0 0 1690 5046; x_wconf 95' lang='lat' dir='ltr'> </span> 
     </span>
    </p>
   </div>
  </div>
 </body>
</html>
