3386 5046
507 991 510 998 '
647 977 711 1036 DE
746 963 1055 1038 Ausaritis.

772 1164 881 1224 Garun
903 1165 929 1222 1.

383 1351 430 1410 Da
450 1367 527 1412 uoco
549 1367 568 1410 u
589 1351 718 1409 Drpnnr
739 1365 871 1409 naeuos
891 1365 1057 1409 ossuurro
1079 1365 1113 1408 nr
1135 1365 1219 1410 eoru
1240 1351 1281 1428 il.
1309 1357 1318 1422 )

325 1697 441 1756 Narrat
463 1698 558 1770 poeta
578 1696 761 1786 inprologo
783 1697 877 1756 haec:
900 1712 930 1756 r.
953 1698 1061 1756 6-11.

586 1827 892 1895 Synapothnescontes
909 1827 1022 1897 Diphili
1040 1830 1230 1884 conrosdiast:

587 1916 660 1970 Eam
682 1915 896 1971 Commorientes
914 1917 1036 1972 Plautus
1054 1917 1123 1972 fecit
1141 1917 1278 1974 fabulam.

585 2005 619 2058 Iu
639 2005 749 2060 Graeca
767 2005 937 2060 adulescens
957 2009 1011 2063 est.
1030 2008 1079 2074 qui
1097 2007 1194 2062 lenoni
1215 2008 1298 2075 eripit

585 2094 767 2149 Meretricem
785 2095 814 2149 in
834 2096 926 2162 prima
945 2095 1056 2150 fabula:
1077 2111 1145 2150 eum
1164 2096 1286 2151 Plautus
1304 2096 1401 2150 locum

586 2181 713 2250 Reliquit
729 2184 884 2250 integrum.
905 2199 973 2238 eum
991 2184 1039 2239 hic
1055 2183 1152 2239 locum
1170 2186 1296 2252 sumpsit
1314 2185 1369 2240 sibi

585 2272 620 2326 In
639 2272 789 2341 Adelphos,
808 2274 931 2328 verbum
949 2275 984 2328 de
1000 2274 1089 2328 verbo
1108 2288 1280 2342 expressum
1299 2273 1413 2328 extulit.

327 2389 478 2464 Quaestio
509 2391 560 2448 hic
592 2390 700 2463 oritur,
734 2405 833 2462 quam
864 2390 931 2448 late
961 2392 1095 2464 pateant
1126 2391 1278 2465 Diphilea,
1309 2392 1419 2450 utrum

286 2497 376 2555 totus
406 2497 498 2554 actus
526 2497 685 2555 secundus
715 2512 755 2556 an
785 2513 850 2555 una
877 2497 929 2554 vel
951 2497 1052 2555 altera
1073 2498 1301 2558 tantummodo
1323 2513 1420 2556 scena

286 2603 336 2661 rel
358 2619 432 2676 pars
454 2618 570 2662 scenae
590 2603 664 2662 huic
685 2604 800 2677 poetae
821 2604 990 2662 tribuenda
1011 2604 1063 2664 sit.
1107 2605 1226 2663 Totum
1250 2606 1360 2663 actum
1375 2620 1420 2662 se·

286 2710 427 2768 cundum
449 2711 488 2768 ad
511 2725 585 2768 eum
606 2710 714 2768 referri
732 2725 795 2769 non
813 2725 908 2783 posse
923 2711 1027 2782 quivis
1040 2710 1200 2782 fatebitur,
1213 2712 1267 2783 qui
1278 2712 1419 2784 respexit

286 2817 402 2876 Douaii
430 2817 593 2876 Scholium
624 2817 663 2874 ad
685 2818 725 2876 Π.
747 2819 775 2876 4.
799 2817 834 2875 11
859 2811 902 2889 (v.
925 2819 1012 2891 iiia),
1035 2817 1089 2875 ubi
1110 2818 1280 2876 Menander
1303 2818 1420 2876 diserta

288 2924 399 2982 auctor
420 2924 622 2983 nominatur:

379 3030 445 3089 Ah!
468 3030 641 3088 stultitiast
661 3031 763 3103 istaec
784 3046 849 3089 non
870 3030 985 3103 pudor;
1007 3031 1078 3088 tam
1100 3031 1139 3090 ob
1162 3030 1328 3104 parvolam

379 3137 462 3194 Rern
483 3152 584 3209 paens
606 3152 623 3194 e
643 3137 764 3210 patriai

328 3223 515 3313 „Menander
536 3244 618 3302 mori
638 3243 730 3302 illum
752 3243 894 3302 voluisse
915 3242 1014 3316 fingit,
1039 3244 1207 3302 Terentius
1231 3243 1368 3316 iugere'’.

326 3352 466 3424 Apparet
497 3351 582 3408 hunc
614 3350 731 3408 saltem
762 3351 869 3409 iocum
902 3351 1071 3423 sumptum
1097 3365 1210 3408 essea
1238 3351 1418 3409 Menandro.

285 3458 387 3516 Neruo
410 3458 521 3516 autem
543 3457 636 3515 facile
656 3458 838 3531 probaverit
860 3459 961 3516 Parin
982 3457 1105 3515 Nsnurr
1127 3457 1351 3530 suspicionem,
1369 3458 1419 3514 cui

285 3579 451 3637 perperam
464 3579 616 3622 assensus
629 3565 678 3622 est
690 3563 881 3638 Lessiupius,
895 3579 950 3636 pro
963 3563 1172 3632 „Menander”
1184 3563 1419 3622 restituendum

286 3686 358 3729 esse
381 3671 573 3744 ,Diphilus’'.
617 3670 661 3731 cf.
687 3671 815 3744 Sylloge
835 3671 872 3744 V,
894 3671 982 3730 Misc.
1005 3686 1031 3730 c.
1055 3672 1102 3730 10.
1146 3671 1278 3744 ,Videat
1300 3685 1419 3743 quaeso

337 3819 357 3885 1)
395 3820 493 3875 Satius
520 3821 591 3874 duxi
618 3821 697 3888 prius
725 3834 864 3888 quaerere
892 3821 927 3874 de
950 3820 1065 3890 finibus,
1085 3821 1190 3888 quibus
1210 3821 1366 3874 coercenda
1384 3820 1423 3874 sit

282 3924 349 3978 pars
373 3925 391 3964 a
417 3909 550 3965 Terentio
569 3924 585 3964 e
603 3909 717 3978 Diphilo
736 3911 855 3977 sumpta
873 3910 903 3963 in
922 3923 990 3964 actu
1008 3911 1143 3979 secundo,
1163 3925 1251 3977 quam
1269 3911 1304 3964 de
1322 3909 1422 3963 discre-

282 4000 389 4068 pantia,
415 4013 490 4067 quae
514 4000 675 4054 secundum
696 3998 856 4054 Varronem
878 3999 1074 4054 intercesserit
1092 4001 1168 4053 inter
1186 3998 1375 4053 Menandrum
1394 3999 1424 4052 at

282 4087 423 4142 Nostrum
447 4089 477 4143 in
504 4087 619 4142 fabulae
647 4089 771 4150 exordio,
799 4088 854 4142 hoc
884 4089 929 4142 est
956 4089 987 4142 in
1014 4089 1082 4143 actu
1107 4089 1208 4156 primo.
1245 4087 1327 4142 Haec
1346 4086 1423 4140 enim

283 4178 413 4244 quaestio
440 4178 547 4245 pendet
575 4192 612 4232 ex
639 4176 687 4232 illa
714 4191 810 4244 neque
836 4176 929 4230 dirimi
953 4178 1058 4244 potest,
1077 4179 1236 4244 antequam
1255 4177 1291 4230 ad
1309 4176 1424 4230 exitum

284 4267 423 4334 perducta
440 4267 480 4321 sit
497 4267 684 4334 investigatio
703 4267 739 4320 de
757 4266 826 4320 actu
845 4267 981 4320 secundo.
