3368 5046
824 534 862 593 78

275 723 400 784 ratione
431 737 503 782 esso
532 721 738 794 intelligenda
770 720 914 795 arbitror,
947 721 983 779 ut
1010 736 1075 780 non
1102 721 1174 781 tota
1201 737 1247 794 gr.
1274 722 1413 781 Andriae

275 846 372 889 scena
392 830 497 905 prima
517 844 618 903 paene
634 829 750 887 iisdem
765 827 880 900 verbis,
897 827 1013 901 quibus
1026 828 1099 886 tota
1113 828 1217 902 prima
1232 829 1412 888 Perinthiac

275 937 395 1010 scripta
412 951 495 994 esse
520 936 653 1009 dicatur,
676 935 732 993 sed
754 935 833 993 haec
855 934 1008 994 nonnulla
1030 934 1130 993 etiam
1151 934 1308 1008 habuerit,
1330 950 1413 1008 quae

275 1044 414 1104 Andriae
443 1042 610 1115 soliloquio
642 1042 806 1114 deessent;
836 1056 919 1114 quae
946 1056 1022 1100 vero
1051 1041 1214 1100 Perinthia
1239 1042 1270 1100 et
1292 1042 1412 1101 Andria

276 1150 461 1210 communia
481 1149 644 1223 haberent,
667 1161 705 1208 ea
725 1163 826 1222 paene
846 1148 961 1206 iisdem
981 1148 1088 1207 verbis
1110 1149 1245 1206 exarata
1264 1147 1410 1208 fuerint”.

274 1257 393 1316 Deinde
421 1272 461 1315 ex
489 1271 535 1330 eo,
565 1256 649 1329 quod
677 1255 759 1313 dixit
787 1255 963 1314 scholiasta
987 1253 1116 1314 Andria
1136 1271 1192 1328 pro
1214 1253 1358 1314 Andriae
1377 1257 1411 1313 in

275 1355 395 1424 scholio
424 1363 463 1422 ad
491 1378 522 1423 v.
553 1363 591 1421 10
613 1361 725 1436 effecit,
751 1362 920 1436 „ambigue
941 1362 1152 1435 universeque
1172 1362 1318 1421 locutum
1340 1377 1411 1420 esse

274 1470 446 1542 Donatum,
480 1469 554 1541 quia
586 1468 733 1528 conscius
765 1469 860 1542 esset,
893 1484 957 1529 non
984 1470 1091 1528 totam
1112 1469 1252 1541 primam
1273 1469 1411 1527 Andriae

275 1589 408 1635 scenam
434 1576 497 1636 toti
524 1590 641 1634 scenae
665 1575 788 1648 primae
809 1575 998 1648 Perinthiae,
1020 1575 1077 1633 sed
1098 1574 1205 1648 aliqua
1225 1575 1356 1634 tantum
1377 1576 1411 1634 in

276 1698 313 1742 ea
334 1697 431 1741 scena
451 1682 649 1756 respondere,
671 1680 755 1740 sicut
777 1682 877 1740 etiam
893 1682 963 1740 aliis
979 1681 1159 1740 Perinthiae
1173 1682 1317 1754 partibus
1330 1682 1410 1741 alias

274 1790 413 1848 Andriae
429 1789 631 1862 respondisse
648 1789 782 1848 subinde
794 1787 943 1861 adfirmat
955 1789 1024 1846 sine
1035 1788 1095 1848 loci
1107 1789 1410 1850 demonstratione''.

315 1895 457 1955 Concedo
472 1895 624 1954 Nencinio
642 1910 672 1955 v.
696 1895 794 1953 1-19
816 1894 937 1953 afuisse
958 1909 1033 1954 cum
1055 1895 1094 1953 ab
1117 1895 1237 1954 Andria
1257 1912 1312 1970 gr,
1334 1897 1408 1954 tum

276 2017 295 2062 a
317 2003 494 2075 Perinthia;
517 2017 580 2062 non
601 2003 713 2060 tamen
735 2002 896 2061 adsentior
910 2017 941 2061 v,
953 2002 1069 2061 35-41
1085 2003 1166 2060 item
1181 2003 1295 2075 poetae
1308 2003 1409 2062 latino

273 2109 458 2168 tribuendos
474 2123 554 2168 esse.
577 2108 745 2168 Contendit
760 2109 846 2166 enim
860 2109 939 2167 haec
955 2108 1082 2168 Charini
1092 2108 1197 2181 gratia
1208 2110 1409 2181 praestructa

275 2230 355 2291 esse,
389 2216 564 2290 ,siquidem
596 2215 751 2274 Charinus
783 2230 846 2274 non
878 2218 946 2273 erat
979 2215 1121 2273 amicum
1143 2215 1349 2287 Pamphilum
1370 2231 1408 2274 ea

274 2323 455 2396 rogaturus
488 2337 572 2395 quae
602 2321 635 2378 in
667 2321 698 2378 ll
727 2323 744 2380 2
777 2321 882 2393 audet,
915 2321 976 2379 nisi
997 2321 1175 2394 obsequens
1197 2322 1409 2380 adulescentis

274 2429 438 2502 ingenium
465 2429 561 2502 probe
587 2427 727 2487 nosset”.
770 2427 852 2485 Huic
876 2428 1065 2500 argumento
1087 2427 1165 2486 nihil
1185 2428 1307 2502 tribuo;
1330 2443 1409 2486 nam

276 2536 431 2595 Charinus
460 2536 513 2594 diu
537 2535 767 2608 tergiversatur
790 2535 886 2606 atque
907 2535 1041 2609 dubitat,
1065 2535 1241 2608 antequam
1263 2550 1409 2594 amorem

275 2658 372 2701 suum
403 2642 497 2700 fateri
528 2642 655 2700 audeat.
688 2641 832 2700 Tandem
861 2643 953 2714 rogat
976 2641 1189 2715 Pamphilum,
1212 2642 1248 2699 ut
1269 2642 1407 2715 nuptias

275 2749 303 2807 si
324 2749 452 2808 futurae
472 2749 546 2822 sint,
569 2747 748 2821 paullulum
770 2746 904 2807 differat.
945 2747 1025 2805 Vide
1045 2763 1075 2807 v.
1098 2749 1157 2806 329

454 2855 508 2914 Ch.
770 2855 889 2912 saltem
912 2854 1032 2926 aliquot
1055 2854 1121 2911 dies

455 2961 570 3035 Profer,
594 2961 671 3019 dum
692 2960 873 3034 proficiscar
896 2961 1010 3035 aliquo,
1033 2975 1074 3018 ne
1095 2961 1232 3020 videam.

275 3067 332 3128 Cui
343 3067 489 3126 credibile
499 3067 658 3125 videbitur
670 3068 856 3126 Terentium
867 3067 906 3126 ob
918 3082 987 3125 rem
998 3067 1182 3126 tamlevem
1190 3067 1408 3126 necessarium

275 3174 414 3247 duxisse,
437 3174 656 3246 spectatorum
679 3174 804 3233 animos
824 3174 896 3232 tam
918 3174 969 3232 diu
993 3174 1068 3231 ante
1088 3176 1299 3247 praeparare?

313 3280 430 3340 Donati
450 3295 541 3354 porro
562 3280 721 3339 scholium
743 3281 782 3338 ad
803 3280 818 3337 l
841 3282 867 3340 1.
889 3281 927 3340 37
952 3280 1083 3354 ,Talem
1105 3295 1176 3338 esse
1201 3279 1407 3352 Pamphilum

275 3388 405 3448 adiuvat
427 3387 655 3460 argumentum
677 3387 804 3445 fabulae
825 3387 922 3445 simul
945 3389 976 3445 et
999 3387 1192 3446 Charinum”
1215 3402 1234 3445 a
1255 3387 1407 3446 Nencinio

274 3495 452 3568 laudatum,
476 3493 615 3553 ostendit
636 3493 811 3552 versiculos
832 3494 891 3552 hos
913 3493 1061 3551 universo
1079 3493 1206 3551 fabulae
1218 3494 1407 3565 argumento

274 3601 461 3660 declarando
482 3615 546 3660 non
567 3600 674 3658 minus
695 3600 856 3673 inservire,
880 3615 979 3672 quam
1001 3599 1130 3660 Charini
1150 3599 1305 3672 partibus

313 3707 329 3764 I
362 3705 387 3767 1.
419 3707 535 3766 40-41
568 3706 670 3765 denuo
702 3707 757 3764 uni
785 3706 933 3765 Terentio
955 3705 1076 3778 tribuit,
1100 3705 1184 3778 quod
1218 3706 1406 3780 ,matronae

273 3813 409 3873 orationi
447 3813 558 3872 absoni
596 3814 689 3886 sunt;
724 3813 836 3872 contra
867 3813 1024 3888 serviliter
1056 3812 1123 3869 iam
1154 3811 1228 3869 inde
1261 3827 1280 3869 a
1310 3826 1407 3884 puero

274 3920 427 3977 educatus
455 3920 552 3978 homo
580 3917 693 3989 vibrari·
722 3917 852 3992 fingitur
877 3918 1006 3977 liberale
1027 3917 1217 3991 obsequium
1242 3917 1273 3975 et
1300 3917 1408 3975 adsen-

272 4026 430 4087 tationem
467 4026 597 4084 ridicule
636 4025 848 4085 consociare'’.
882 4024 995 4099 Quidni
1026 4024 1105 4082 haec
1137 4023 1235 4080 verba
1267 4020 1407 4080 Simonis

272 4132 365 4191 uxori
386 4133 462 4205 apta
484 4147 555 4190 esse
575 4133 720 4204 possunt,
742 4132 771 4189 si
791 4131 910 4190 ironice
931 4130 1017 4188 dicta
1039 4143 1110 4187 esse
1131 4128 1308 4202 putantur?

315 4239 523 4312 Praecipuam
561 4254 637 4298 vero
676 4237 889 4298 differentiam
927 4238 1010 4294 inter
1047 4235 1203 4295 Andriam
1233 4249 1278 4308 gr.
1311 4234 1409 4306 atquo
