3368 5046
832 521 874 585 V.

336 716 465 780 Causae
492 715 663 797 itinerum,
692 732 779 796 quae
808 714 1000 798 Aeschylus
1022 716 1057 779 in
1083 715 1229 780 Siciliam
1254 717 1413 798 suscepit,

289 858 553 939 ascriptoribus
576 858 702 939 graecIs
726 857 875 939 prolatae
898 875 1017 940 parurn
1041 857 1227 939 probabiles
1251 861 1344 925 sunt.

824 1161 881 1226 VI.

335 1357 514 1438 Sophocles
537 1360 695 1421 mortuus
718 1374 792 1422 esse
815 1357 952 1422 videtur
975 1357 1024 1422 Ol.
1050 1357 1103 1422 93.
1129 1358 1159 1421 2.

813 1659 889 1726 VII.
992 1678 995 1682 ·

334 1857 373 1921 R.
406 1857 657 1938 Baarrnneeao,
683 1856 742 1919 Die
765 1856 988 1921 historischen
1016 1855 1266 1937 Anspielungen
1291 1856 1327 1920 in
1351 1857 1414 1921 den

290 1999 491 2080 Tragoedien
524 2016 590 2064 von
623 1997 812 2081 Sophocles,
846 2016 875 2079 p.
909 2000 951 2062 24
978 1998 1094 2064 minus
1115 2001 1205 2063 recte
1230 1999 1367 2072 statuit¹
1380 1999 1414 2062 in

290 2141 368 2206 Oed.
395 2140 462 2206 Ool.
487 2160 519 2207 v.
545 2141 609 2205 702
632 2140 774 2221 intelligi
798 2141 1040 2205 Archidamum
1064 2144 1099 2206 et
1120 2140 1413 2223 Pleistoanactem,

291 2285 430 2365 Spartae
453 2301 556 2365 roges.

805 2585 896 2652 VIII.

333 2783 390 2847 Fra.
416 2781 608 2864 Mosrnnnn,
649 2783 688 2846 ln
715 2781 863 2847 wieweit
885 2783 947 2847 hat
971 2783 1143 2864 Euripides
1166 2784 1201 2847 in
1225 2784 1289 2849 den
1314 2783 1414 2849 Hilre

289 2924 391 3008 tiden,
416 2924 474 2989 der
496 2925 729 2990 Andromache
753 2926 822 2991 und
846 2927 911 2990 den
934 2926 1138 2992 Troerinnen
1162 2927 1223 2992 aui
1238 2926 1414 3008 politische

288 3066 582 3132 Konstellationen
615 3069 723 3133 seiner
756 3069 830 3135 Zeit
859 3069 1073 3151 angespielt?
1108 3089 1138 3152 p.
1165 3071 1207 3136 73
1241 3087 1413 3152 perperam

290 3211 414 3275 statuit
456 3210 490 3272 in
534 3211 718 3276 Troadibus
759 3214 824 3276 sub
867 3211 979 3278 Ulixis
1022 3230 1164 3293 persona
1206 3214 1413 3280 Alcibiadem
1481 3237 1484 3243 ·

290 3353 430 3417 traduci.

821 3604 883 3669 IX.

333 3798 408 3862 Eur.
433 3798 549 3879 fragm.
575 3799 640 3862 300
664 3799 838 3879 (Dindorf).

486 3941 540 4004 οὐκ
563 3938 600 4005 ἂν
624 3941 741 4018 γένοιτο
764 3943 901 4021 spaeram,
925 3939 949 4005 ἔκ
973 3965 1020 4017 τις
1043 3941 1152 4025 ε’νξύσῃ

485 4081 618 4160 θάμνοις
642 4083 758 4160 itriola,
782 4085 842 4149 οὐδ’
867 4085 905 4148 ἄν
929 4084 963 4149 ἐκ
985 4086 1099 4165 μητρὸς
1122 4096 1218 4158 κακῆς

485 4224 591 4291 ἐσθλοὶ
616 4225 750 4303 γένοιντο
775 4228 881 4299 naillac
906 4229 949 4300 εἷς
973 4229 1071 4304 abab
1095 4228 1186 4309 δορός.
