3368 5046
827 524 865 582 73

274 710 451 784 exemplari
472 725 570 768 usum
591 724 672 784 esse,
693 709 861 783 ignorasse
881 723 957 768 vero
978 709 1187 768 Perinthiam.
1209 709 1267 769 Ille
1287 725 1414 784 quoque

274 818 307 876 in
329 817 438 876 animo
469 817 567 876 habet
599 816 767 876 defendere
794 817 925 890 poetam
946 816 1086 875 latinum
1107 817 1220 876 contra
1240 817 1336 892 viros,
1359 818 1414 891 qui

274 924 586 983 contaminationem
618 923 647 981 ei
678 922 867 996 obiciebant,
908 923 964 981 sed
996 937 1127 996 operam
1162 922 1315 998 perdidit„
1338 938 1414 982 cum

276 1029 445 1090 Terentius
466 1029 535 1104 ipsc
556 1045 585 1089 v,
609 1030 726 1088 18-21
749 1029 1061 1088 contaminationem
1075 1029 1414 1091 minimedissimulet.

316 1136 465 1209 Sequitur
507 1136 673 1196 adnotatio
715 1152 739 1209 c,
782 1136 874 1194 cuius
910 1136 1022 1195 auctor
1059 1136 1093 1196 in
1125 1135 1229 1209 prime
1260 1136 1416 1197 incisione

276 1243 488 1304 scholiastam
529 1259 550 1302 a
590 1243 799 1316 reprehendit.
848 1242 934 1303 Cum
982 1242 1035 1301 ille
1074 1243 1271 1303 locutionem
1315 1259 1413 1318 „qaae

276 1349 456 1410 amoenare’'
477 1350 708 1423 interpretatus
730 1350 817 1408 esset
838 1364 893 1422 per
908 1365 988 1423 qaae
1010 1349 1115 1409 eodem
1131 1364 1225 1409 aenea
1243 1349 1416 1424 iisdemque

274 1455 376 1516 certia
384 1456 566 1530 perscripta
575 1457 718 1532 fueram,
734 1456 786 1515 hic
801 1456 941 1529 explicat
963 1471 1017 1528 per
1030 1471 1111 1530 qaae
1125 1461 1202 1529 apia
1215 1459 1242 1515 ai
1253 1457 1417 1516 commoda

273 1563 413 1638 dieram,
435 1564 522 1621 recte
543 1577 630 1622 sane.
653 1562 822 1623 intellectu
841 1577 917 1622 vero
932 1563 1042 1622 carent
1057 1563 1155 1622 verba
1168 1578 1231 1622 aaa
1247 1562 1414 1637 Graecam,

277 1684 360 1742 quae
387 1668 548 1729 adduntur
573 1671 647 1743 post
668 1670 703 1728 in
724 1668 888 1730 Andriam
909 1656 1072 1730 Latinam.
1113 1670 1179 1728 Aut
1202 1669 1415 1743 expungenda

277 1777 354 1834 sunt
385 1777 421 1835 ut
453 1776 617 1850 glossema
649 1777 705 1836 aut
738 1792 814 1836 cum
846 1777 936 1836 Innio
968 1793 1006 1836 aa
1027 1792 1083 1850 pro
1104 1793 1166 1836 aaa
1186 1776 1414 1850 reponendum.

278 1882 357 1944 Vide
378 1898 407 1956 p.
431 1885 478 1943 11.
500 1899 531 1943 n.
554 1885 582 1943 7.
1372 1938 1374 1945 .

319 1989 443 2062 Reliqui
485 1990 597 2049 scholii
633 2005 749 2048 sensus
784 1989 970 2063 perspicuus
1006 1990 1065 2049 est.
1108 1989 1306 2049 offendimur
1340 2005 1416 2049 vero

279 2109 427 2154 sermone
458 2095 567 2169 putido
600 2098 632 2154 ct
663 2096 775 2156 inflato
808 2096 839 2153 et
871 2097 1061 2170 praesertim
1089 2096 1310 2170 repugnantia,
1336 2111 1419 2169 quae

280 2200 383 2274 primo
409 2201 525 2260 obtutu
554 2217 626 2262 esse
646 2202 773 2260 videtur
792 2203 876 2261 inter
896 2203 1055 2262 scholium
1077 2202 1117 2261 ad
1138 2218 1170 2262 v.
1193 2203 1231 2261 10
1252 2203 1284 2261 et
1305 2203 1375 2262 hoc.
1399 2199 1417 2272 ¹)

281 2308 495 2368 Nihilominus
537 2325 588 2368 res
629 2309 708 2382 ipsa,
746 2325 766 2368 a
800 2310 976 2369 scholiasta
1011 2327 1026 2368 c
1059 2311 1200 2383 narrata,
1235 2323 1353 2383 nempe
1385 2309 1419 2367 in

281 2414 402 2474 Andria
432 2431 476 2488 gr.
510 2416 715 2489 soliloquium
746 2416 833 2474 senis
855 2416 964 2490 fuisse⁷
985 2416 1018 2474 in
1041 2416 1203 2475 Perinthia
1225 2415 1419 2488 colloquium

315 2631 336 2701 1)
372 2635 475 2690 lhnius
502 2651 530 2704 p.
549 2633 583 2690 11
612 2635 755 2692 scholium
777 2651 792 2690 a
809 2637 845 2691 ad
863 2651 892 2690 v.
912 2636 946 2690 13
965 2636 999 2690 ut
1017 2636 1149 2703 spurium
1168 2635 1301 2703 repudiat
1318 2634 1366 2689 his
1383 2634 1419 2689 de

279 2723 383 2780 causis.
402 2724 534 2780 Primum
552 2726 641 2794 negat
659 2725 845 2793 soliloquium
864 2726 943 2781 senis
962 2726 992 2779 in
1010 2726 1120 2780 Andria
1137 2739 1180 2792 gr.
1200 2729 1230 2779 et
1245 2723 1422 2791 colloquium

277 2811 407 2868 eiusdem
434 2829 502 2869 cum
529 2828 622 2873 uxore
637 2829 729 2884 paam
748 2814 849 2869 iisdem
867 2814 960 2868 verbis
979 2814 1175 2882 conscriptum
1194 2827 1259 2870 esse
1275 2813 1421 2881 potuisse;

279 2901 381 2957 deinde
399 2902 525 2958 stultum
544 2917 610 2960 esse
629 2904 786 2970 contendit,
807 2903 884 2971 quod
902 2902 1061 2959 scholiasta
1079 2903 1162 2957 dicit:

315 2990 490 3058 „Sanmite
509 3006 577 3048 cum
595 3007 687 3049 uxore
706 2993 834 3061 loquitur
853 2994 893 3056 (in
912 2992 1083 3061 Perinthia),
1102 2992 1137 3046 ut
1153 2992 1230 3060 apud
1253 2990 1423 3046 Terentium

280 3093 348 3135 cum
365 3080 495 3137 liberto”.
532 3082 615 3140 Prior
639 3082 851 3138 animadversio
878 3082 1036 3150 evanescit,
1061 3082 1087 3137 si
1105 3084 1225 3149 reputas
1243 3081 1313 3136 illud
1328 3094 1423 3150 paam

280 3167 380 3224 iisdem
406 3171 500 3225 verbis
525 3185 585 3226 non
611 3172 699 3228 nimis
727 3172 891 3239 urgendum
919 3185 993 3234 esse,
1021 3185 1089 3226 cnm
1113 3185 1201 3240 supra
1219 3171 1279 3225 iam
1297 3171 1425 3224 vidimus

280 3259 431 3317 Donatum
463 3260 521 3315 illic
556 3275 616 3316 non
647 3261 901 3317 accuratissimum
929 3259 1028 3316 fuisse.
1064 3260 1141 3315 Nihil
1169 3261 1289 3328 insuper
1316 3259 1425 3326 obstat,

282 3351 438 3420 quominus
471 3349 629 3405 similitudo
662 3350 712 3405 illa
751 3349 818 3405 talis
848 3361 951 3406 revera
976 3348 1072 3418 fuerit,
1101 3349 1194 3417 qualis
1222 3363 1240 3403 a
1267 3348 1425 3403 scholiasta

283 3438 460 3496 describitur.
497 3437 570 3493 Vide
596 3453 623 3506 p.
652 3439 767 3494 75-76.
800 3438 844 3494 Ne
871 3437 963 3494 altera
981 3439 1098 3507 quidem
1116 3438 1251 3493 molestia
1269 3437 1360 3505 pluris
1380 3437 1426 3491 est

283 3527 421 3596 iacienda,
439 3527 474 3581 ut
491 3529 620 3597 apparet,
639 3528 664 3582 si
682 3527 835 3596 diligenter
853 3528 1019 3584 consideras
1037 3528 1164 3583 Andriae
1182 3526 1290 3582 latinae
1305 3540 1428 3580 scenam

283 3616 415 3685 primam.
425 3615 498 3670 Vide
507 3617 579 3684 pii.
590 3616 699 3685 Utique
708 3617 781 3672 ratio
792 3619 838 3672 est
846 3617 1043 3686 improbanda,
1053 3631 1142 3684 quam
1151 3616 1214 3670 iniit
1224 3614 1261 3670 K.
1272 3615 1427 3683 Braunius‚

284 3705 319 3759 ut
336 3703 536 3774 offensionem,
568 3719 655 3773 quam
686 3707 780 3761 sentit
806 3706 917 3775 IhniuS,
946 3706 1081 3762 elevaret.
1117 3704 1191 3760 Vide
1216 3719 1243 3773 p.
1262 3704 1288 3758 8.
1316 3703 1429 3772 „Verba

284 3793 368 3848 aaa
385 3807 444 3848 non
463 3795 525 3849 tam
544 3809 610 3849 cam
627 3809 716 3848 acore
735 3796 765 3850 et
784 3809 849 3850 cam
868 3795 965 3850 liberio
983 3795 1142 3862 opponunt,
1160 3807 1249 3861 quam
1260 3793 1291 3847 in
1303 3795 1429 3860 utraque

284 3881 382 3938 fabula
409 3881 595 3952 collocutum,
625 3897 684 3939 non
712 3883 809 3938 solum
836 3883 967 3939 locutum
995 3897 1060 3939 osse
1088 3882 1127 3945 lid
1155 3883 1231 3950 quod
1258 3881 1289 3936 in
1317 3882 1428 3936 Andria

284 3969 433 4026 Menandri
460 3969 538 4036 fecit)
578 3986 680 4027 senem
708 3973 865 4028 efficiunt.”
901 3972 980 4027 Num
1007 3972 1132 4040 possunt
1160 3970 1319 4039 particulae
1345 3970 1430 4024 ita-at

285 4060 403 4116 tantum
431 4060 594 4127 significare
620 4062 651 4115 in
680 4063 805 4130 utraque
832 4061 938 4130 fabula,
965 4059 1114 4116 Perinthia
1142 4062 1173 4115 et
1201 4059 1311 4114 Andria
1330 4057 1429 4126 latina,

287 4147 461 4216 colloquium
479 4147 593 4205 fuisse?
614 4151 644 4205 Si
663 4151 739 4219 „ita”
759 4151 882 4209 deesset
900 4150 1086 4218 aliquatenus
1105 4148 1224 4204 Braunii
1243 4147 1338 4216 opinio
1351 4147 1430 4202 stare

286 4239 403 4306 posset:
421 4252 501 4293 nunc
519 4253 588 4295 vero
608 4241 727 4295 omnino
745 4241 860 4309 probari
877 4241 989 4307 nequit.
1006 4238 1046 4295 of.
1060 4239 1149 4294 eiiam
1161 4237 1335 4294 Neneinium
1346 4249 1374 4304 p.
1386 4235 1421 4290 25
