3368 5046
795 523 833 582 85

288 711 332 770 At
353 726 384 768 v.
406 711 464 769 412
486 709 588 769 denuo
610 707 751 784 procedit
771 709 885 782 Byrria
907 708 995 768 hisce
1015 709 1137 771 verbis:

427 816 508 875 Erus
530 830 583 874 me
603 815 722 874 relictis
743 816 838 880 rebus
858 815 955 875 iussit
977 817 1181 891 Pamphilum

428 921 530 983 Hodie
551 923 729 996 observare,
752 922 827 996 quid
849 923 957 996 ageret
980 922 1018 980 de
1038 923 1168 997 nuptiis.

288 1029 457 1103 Nusquam
487 1030 600 1088 tamen
631 1030 771 1104 apparet,
794 1044 856 1102 quo
877 1030 1023 1102 tempore
1042 1030 1102 1088 hoc
1125 1030 1153 1088 ei
1174 1030 1381 1104 imperaverit

250 1137 408 1196 dominus,
439 1136 552 1196 Nonne
583 1136 711 1210 mirum,
743 1136 771 1194 si
795 1136 874 1194 haec
896 1135 1006 1195 omnia
1028 1151 1047 1194 a
1069 1137 1217 1196 Terentio
1239 1137 1382 1210 profecta

250 1244 335 1318 sunt,
368 1258 443 1302 eum
473 1258 537 1303 non
568 1257 698 1316 operam
730 1242 861 1316 dedisse,
895 1243 931 1301 ut
956 1242 1064 1301 fabula
1089 1244 1169 1302 bene
1189 1243 1380 1317 procederet,

251 1350 369 1411 saltem
389 1351 426 1408 ut
447 1349 565 1409 vitium
585 1349 660 1424 tale,
683 1349 767 1423 quod
788 1349 896 1409 oeulos
920 1349 1021 1424 feriat,
1045 1349 1190 1409 vitaret?

197 1434 200 1442 ¹
291 1457 417 1516 Primus
450 1456 627 1516 Grouertue
657 1458 717 1515 has
748 1471 901 1530 personas
931 1457 993 1531 ipsi
1025 1457 1172 1516 Terentio
1197 1456 1380 1515 vindicavit.

250 1563 329 1622 Vide
359 1579 388 1636 p.
420 1565 487 1624 193.
520 1563 676 1636 opinatus
708 1565 757 1622 est
788 1563 910 1623 scholia
933 1578 1030 1637 supra
1054 1563 1186 1623 laudata
1206 1564 1382 1622 luculenter

251 1668 430 1744 significare
451 1670 637 1730 Terentium
659 1671 823 1729 auctorem
846 1685 925 1744 esse,
948 1685 1148 1743 quamquam
1161 1671 1295 1730 minime
1308 1686 1382 1730 eum

252 1777 402 1851 fugiebat,
425 1777 524 1837 moris
553 1777 652 1834 fuisse
676 1777 800 1837 Donato
821 1777 964 1850 primarii
983 1778 1115 1837 tantum
1136 1778 1330 1851 exemplaris
1350 1778 1384 1836 in

253 1883 512 1943 adnotationibus
533 1884 601 1941 suis
612 1883 770 1943 rationem
781 1884 907 1943 habere.
920 1884 1137 1943 Patrocinium
1149 1884 1216 1942 eius
1228 1883 1383 1957 opinionis

251 1990 459 2063 susceperunt
485 1989 669 2064 specealius
693 1989 809 2048 Andria
828 1990 908 2050 Einl.
930 2007 959 2064 p.
986 1991 1023 2050 13
1044 2006 1111 2064 sqq,
1134 1992 1182 2064 23,
1195 1990 1384 2050 Meissaerus

251 2097 371 2156 Andria
391 2097 471 2157 Einl.
492 2113 522 2170 p.
545 2097 592 2156 21.
615 2097 646 2154 et
667 2097 826 2170 imprimis
848 2096 1020 2156 Neaciaiae
1041 2113 1070 2170 p.
1093 2099 1131 2157 32
1153 2112 1222 2171 sqq.

290 2204 466 2263 Videamus
498 2204 658 2277 quomodo
684 2203 717 2262 hi
745 2203 1001 2278 adversariorum
1028 2204 1169 2264 rationes
1198 2205 1384 2263 subvertere

253 2310 359 2370 conati
377 2310 451 2370 sint.
472 2311 579 2383 Atque
600 2311 741 2384 primum
762 2312 992 2384 perspexerunt
1014 2311 1152 2384 opinioni
1173 2326 1251 2369 suae
1269 2325 1384 2384 parum

254 2417 361 2476 favere
384 2417 504 2491 prologi
532 2417 705 2492 silentium,
735 2433 834 2492 quam
862 2418 1048 2478 molestiam
1074 2418 1122 2476 ita
1142 2418 1254 2476 tollere
1274 2417 1382 2476 studet

252 2524 423 2583 Nenoinius
454 2541 484 2598 p.
515 2526 569 2585 34:
602 2525 718 2598 „Lusci
746 2525 872 2584 silentio
894 2526 1041 2598 equidem
1069 2540 1132 2583 non
1152 2525 1268 2583 haereo
1289 2524 1381 2598 quod,

253 2631 383 2690 etiamsi
413 2631 547 2690 Luscius
582 2631 621 2689 de
652 2632 879 2691 additamentis
908 2631 1107 2690 Terentianis
1135 2631 1261 2690 locutus
1287 2631 1382 2704 esset,

252 2737 423 2797 vitavisset
451 2737 592 2811 profecto
620 2739 715 2812 poeta
743 2739 802 2798 hoo
829 2739 920 2797 uleus
941 2739 1074 2811 tangere
1092 2739 1126 2796 in
1147 2738 1284 2811 prologo,
1308 2752 1383 2796 oum

225 2849 226 2853 ’
253 2844 349 2918 probe
376 2845 471 2903 sciret
499 2844 621 2918 graecis
653 2846 784 2903 tantum
815 2845 953 2919 gaudere
983 2845 1181 2918 spectatores
1212 2844 1384 2917 minusque
1447 2829 1449 2834 ’

253 2952 419 3026 propterea
446 2952 549 3011 laudis
578 2952 781 3011 existimaret
802 2953 927 3012 Donato
948 2952 1034 3011 teste
1053 2952 1087 3009 in
1107 2952 1167 3012 Ad.
1188 2951 1385 3024 praefatione

254 3059 404 3134 ,proprio
437 3058 569 3118 scribere
602 3074 701 3132 quom
734 3057 856 3118 Gracco
887 3058 1089 3133 transferre&
1122 3057 1301 3116 Fatendum
1334 3058 1385 3114 est

253 3166 442 3224 Nencirrium
469 3166 520 3224 hic
544 3164 733 3238 longissime
756 3180 776 3223 a
803 3180 878 3223 vero
907 3164 1082 3224 aberrasse.
1111 3164 1214 3240 Quid?
1236 3163 1386 3224 Potuitne

253 3273 320 3332 iam
342 3273 510 3331 Terentius
533 3272 705 3330 adversarii
728 3272 862 3330 erimina
882 3272 916 3329 in
936 3273 997 3330 hac
1014 3272 1118 3345 prima
1137 3271 1245 3329 fabula
1259 3270 1385 3328 silentio

253 3380 431 3454 praeterire,
455 3394 530 3438 oum
550 3394 591 3437 ne
610 3379 644 3436 in
665 3379 781 3437 ultime
803 3379 931 3452 quidem
952 3393 1081 3452 prorsus
1103 3378 1224 3436 taceret
1246 3377 1284 3434 de
1300 3376 1387 3434 illis?

253 3487 513 3560 Aeqanimiteme
530 3501 646 3560 passus
662 3486 711 3544 est
726 3487 832 3545 Luscii
847 3486 1025 3544 calumnias
1039 3487 1169 3544 haerere
1181 3485 1215 3542 in
1229 3484 1386 3542 Romano·

254 3608 326 3652 rum
362 3594 486 3668 animia,
519 3593 709 3668 praesertim
741 3593 779 3651 de
810 3608 851 3666 re,
881 3594 918 3650 ut
944 3593 1012 3666 ipse
1038 3592 1076 3652 N.
1098 3591 1226 3663 fatetur,
1249 3589 1386 3649 maximi

254 3701 433 3760 momenti?

294 3806 397 3880 Negat
437 3808 536 3866 etiam
567 3806 739 3865 Nencinius
771 3806 967 3864 haerendum
998 3806 1090 3865 nobis
1122 3819 1193 3862 esse
1223 3804 1256 3861 in
1287 3802 1387 3861 nimia

255 3914 398 3986 audacie,
442 3929 506 3986 qua
538 3913 706 3973 Terentius
737 3913 899 3986 praeditus
931 3913 983 3986 sit,
1012 3913 1040 3970 si
1077 3913 1137 3971 has
1171 3911 1279 3984 partes
1312 3924 1387 3967 eum

256 4021 294 4079 de
315 4036 373 4080 suo
396 4020 554 4079 addidisse
575 4022 790 4079 censeamus?
811 4019 856 4079 (is.
872 4035 901 4092 p.
916 4021 970 4080 34:
987 4019 1122 4093 „Nimia
1138 4033 1220 4091 quae
1231 4015 1388 4090 profertur

257 4129 397 4189 Terentii
426 4128 568 4203 audacia,
591 4143 711 4201 vagum
734 4127 907 4187 admodum
930 4125 1157 4198 argumentum
1180 4123 1245 4183 est:
1268 4120 1388 4179 etenim

256 4250 320 4295 non
339 4236 463 4296 minore
483 4235 644 4310 quispiam
663 4235 732 4294 iure
754 4234 868 4292 dixerit
891 4231 1082 4292 Terentium
1097 4229 1228 4289 iuvenili
1248 4227 1388 4302 quadam
