3386 5046
817 538 856 595 53

269 727 309 786 ad
338 726 423 785 illius
456 726 537 784 vitia
566 739 701 784 causam
722 723 847 784 referre.
880 723 969 798 Quod
989 723 1097 797 ipsum
1120 723 1234 782 accidit
1256 725 1406 785 Demeae.

266 833 478 908 Nequaquam
510 829 629 891 infitias
660 831 706 889 113
738 831 833 889 audet
865 830 1008 889 Minionis
1039 830 1143 890 vitam
1165 830 1405 904 praeferendam

267 955 338 998 esse
372 955 451 1000 suae
487 939 584 1012 atque
618 937 703 996 illins
735 937 936 1010 disciplinam
966 935 1116 996 meliores
1148 937 1249 996 adhuc
1282 937 1405 996 fructus

265 1046 380 1104 tulisse
421 1061 521 1119 quam
562 1060 678 1116 suam;
711 1044 745 1103 at
781 1043 959 1116 existimat,
995 1058 1036 1100 ex
1070 1043 1172 1101 nimia
1206 1043 1404 1117 indulgentia

266 1169 411 1213 amorem
443 1153 598 1226 omnium,
632 1166 695 1224 quo
727 1151 788 1209 frui
819 1150 912 1208 illurn
934 1165 1012 1208 sane
1034 1149 1163 1222 fatetur,
1185 1151 1293 1210 ortum
1316 1165 1403 1224 esse;
1483 1219 1485 1222 ¹

265 1261 351 1319 laudi
372 1260 470 1335 igitur
491 1275 555 1319 non
576 1258 757 1318 ducendum
779 1272 858 1316 esse.
881 1257 961 1315 Vide
981 1272 1012 1317 v.
1034 1258 1212 1317 986—989:

284 1368 330 1428 Ut
350 1367 382 1426 id
404 1367 615 1438 ostenderem,
638 1365 722 1438 quod
742 1365 777 1423 te
796 1364 851 1422 isti
874 1363 1000 1422 facilem
1023 1365 1054 1422 et
1076 1363 1230 1423 festivom
1251 1364 1376 1438 putant,

286 1474 321 1532 Id
341 1489 405 1533 non
426 1472 494 1531 fleri
516 1488 556 1531 ex
578 1487 654 1530 vera
675 1472 868 1544 vitansque
889 1471 967 1531 adeo
990 1486 1029 1530 ex
1053 1486 1154 1544 aequo
1176 1472 1207 1528 et
1229 1471 1321 1542 bono,

286 1580 347 1640 Sed
369 1597 409 1639 ex
432 1580 639 1654 adsentando,
661 1578 861 1652 indulgendo,
883 1578 1053 1652 largienda,
1076 1578 1178 1637 Micio.

305 1688 424 1761 Purgat
454 1687 589 1760 denique
616 1701 652 1745 se
671 1687 741 1760 ipse
761 1686 795 1744 in
816 1684 1024 1758 sequentibus
1047 1684 1144 1758 atque
1165 1684 1401 1757 quodammodo

264 1795 407 1853 concedit
443 1795 539 1853 antea
570 1809 607 1852 se
639 1808 764 1852 errasse
796 1793 893 1866 atque
924 1793 1021 1851 nimis
1043 1807 1193 1850 severum
1215 1775 1247 1852 31
1268 1807 1401 1866 parcum

263 1899 378 1974 fuisse3
408 1902 442 1959 at
464 1901 602 1960 defendit
624 1915 660 1959 33
680 1901 711 1958 id
734 1900 857 1973 fecisse,
880 1900 955 1972 quia
976 1900 1037 1958 sibi
1059 1900 1186 1973 penitus
1208 1913 1400 1972 persuasum

263 2008 411 2082 habehat,
433 2008 480 2066 ita
501 2009 588 2066 13313
609 2023 681 2066 3333
702 2023 805 2081 agere.
846 2007 926 2065 Vide
945 2023 977 2067 v.
999 2008 1178 2067 989-995:

282 2114 373 2173 Nunc
393 2115 471 2174 adeo
490 2115 518 2172 si
537 2115 576 2173 oh
593 2129 665 2172 eam
684 2129 752 2171 rem
764 2113 857 2173 vobis
868 2128 943 2171 mea
954 2113 1147 2187 1113131133,
1160 2113 1326 2187 Aeschine,
1340 2113 1398 2187 est,

283 2221 364 2296 Quia
385 2236 448 2280 non
469 2221 565 2295 iusta,
587 2221 709 2279 iniusta
730 2235 860 2294 prorsus
882 2220 992 2278 omnia
1013 2219 1143 2279 omnino
1166 2220 1331 2293 obsequor,

281 2327 379 2386 Missa
401 2327 499 2388 facio:
523 2327 691 2401 ecfundite,
715 2328 822 2401 emite,
845 2326 950 2398 facite,
973 2326 1056 2399 quod
1076 2327 1169 2385 vobis
1189 2325 1288 2386 lubet.

283 2433 343 2492 Sed
364 2434 393 2491 si
413 2434 445 2493 id
465 2432 563 2493 voltis
584 2434 701 2508 potius,
724 2438 807 2506 quae
826 2448 885 2493 133
906 2434 1034 2507 propter
1056 2433 1308 2492 adulescentiam

281 2539 384 2598 Minus
406 2540 532 2614 videtis,
555 2541 661 2614 magis
682 2541 827 2614 impense
848 2540 974 2614 cupitis,
997 2540 1164 2599 consulitis
1185 2555 1309 2614 parum,

281 2646 369 2707 Haec
391 2648 575 2721 reprendere
596 2648 628 2705 et
650 2647 805 2720 corrigere
825 2662 879 2706 me
900 2647 932 2706 31
954 2647 1129 2705 secundare
1149 2647 1182 2704 in
1202 2646 1292 2706 loco:

280 2753 361 2812 Ecce
381 2769 443 2827 me,
466 2755 521 2826 qui
541 2754 573 2812 id
595 2754 714 2813 faciam
734 2754 836 2814 vohis.

299 2860 453 2933 Exposito
496 2860 571 2933 quid
605 2861 674 2934 ipse
704 2862 845 2920 sentiam
878 2861 916 2919 de
947 2862 1022 2919 actu
1054 2861 1174 2934 quinto,
1207 2859 1396 2933 singillatim

259 2965 427 3025 doctorum
448 2967 646 3040 suspiciones
668 2983 848 3042 persequar,
865 2968 921 3041 qui
933 2969 970 3026 ut
982 2967 1103 3027 assolet
1114 2968 1147 3026 13
1159 2968 1395 3026 diversissimas

258 3073 366 3145 partes
399 3073 554 3133 abierunt.
597 3075 669 3133 Fuit
702 3075 802 3133 etiam
834 3075 897 3148 qui,
927 3089 1002 3133 cum
1029 3075 1200 3134 Menandro
1228 3075 1395 3148 indignum

257 3178 419 3253 iudicaret,
442 3180 490 3238 ita
510 3181 631 3239 mutari
646 3181 786 3240 Demeae
800 3197 916 3250 313133,
929 3180 1394 3254 3111313311113111113,1ο11131

258 3287 369 3344 actum
389 3287 540 3359 quintum
561 3287 616 3346 uni
639 3288 788 3348 Terentio
810 3289 1013 3348 adscriberet.

299 3391 383 3453 soil.
404 3408 520 3466 nempe
540 3393 699 3453 lielliziua
719 3394 752 3453 in
774 3394 888 3454 Fleck.
900 3396 982 3454 Ann.
1005 3411 1033 3454 a.
1054 3396 1131 3454 1868
1149 3395 1212 3456 131.
1231 3396 1278 3469 97,
1294 3411 1323 3468 p.
1335 3396 1394 3454 678

256 3513 324 3572 sqq.
357 3500 466 3558 censat
498 3499 642 3560 fabulam
674 3501 899 3559 Menandream
927 3499 1053 3560 finitam
1083 3502 1182 3560 fuisse
1209 3502 1282 3575 post
1310 3501 1338 3557 V
1364 3503 1392 3574 3,

257 3620 332 3664 cum
359 3606 509 3680 Ctesipho
532 3607 564 3664 et
586 3607 765 3665 Aeschinus
787 3608 921 3680 uterque
942 3623 999 3682 spe
1019 3609 1114 3681 potiti
1135 3609 1243 3666 essent
1264 3608 1394 3666 Demea-

256 3726 318 3784 que
345 3713 431 3771 esset
459 3712 616 3786 placatus.
660 3714 719 3788 ,Es
746 3714 791 3772 ist
819 3715 882 3772 mir
910 3714 961 3772 ein
981 3714 1176 3789 Bediirfniss,
1198 3714 1310 3788 inquit,
1333 3714 1393 3773 den

255 3819 364 3876 Ruhm
382 3819 436 3877 der
453 3819 716 3878 Menandrischen
731 3821 843 3880 Poesie
854 3836 918 3880 von
930 3821 1034 3879 einem
1047 3821 1182 3880 Flecken
1193 3837 1233 3879 zu
1244 3822 1391 3896 stubam,

255 3925 316 3982 mit
343 3926 416 3983 dem
445 3925 499 3984 der
522 3927 727 4001 ,dimidiatus
749 3928 938 3986 Menander”
961 3928 1021 3986 den
1042 3928 1156 3986 echteu
1176 3929 1392 4001 verunreinigt

254 4031 320 4092 hat.
363 4032 419 4090 Mit
448 4032 520 4091 dem
549 4034 637 4092 Ende
665 4035 719 4092 des
748 4034 871 4092 vierten
900 4034 1392 4105 (113313133333333)1111133131

254 4137 304 4196 die
335 4137 430 4197 Fabel
462 4155 594 4198 unseres
624 4141 761 4199 Stiickes
792 4157 867 4200 zum
898 4141 1075 4200 Abschluss
1103 4142 1312 4214 gekommen;
1342 4142 1392 4199 die

253 4243 366 4303 Heirat
388 4245 443 4304 des
465 4247 644 4305 Aeschinus
666 4248 723 4306 hat
746 4249 796 4307 1113
810 4249 1039 4322 Zustimmung
1053 4249 1159 4307 beider
1172 4248 1271 4306 Vater
1284 4247 1391 4321 geiun·
