3368 5046
835 543 874 602 94

290 732 414 806 „Dauos
445 745 537 789 muss
562 745 619 790 um
642 744 700 790 aus
722 729 795 788 dem
816 730 928 788 Hause
949 730 1003 790 der
1024 729 1206 803 Glycerium
1228 731 1288 790 den
1309 746 1421 806 neuge-

287 837 424 898 bore'nen
446 837 580 896 Knaben
600 837 694 898 helen
715 852 755 895 zu
777 836 911 911 konnen,
933 837 1033 896 achon
1045 839 1161 896 uorher
1175 837 1234 897 aui
1244 837 1298 897 der
1308 839 1420 898 Bohne

287 957 435 1018 genesen
455 944 524 1002 sein
545 943 609 1001 und
630 958 722 1002 musa
744 945 835 1018 auch,
858 958 915 1002 um
936 943 987 1001 die
1005 944 1186 1002 Zuschauer
1196 943 1284 1002 nicht
1296 958 1336 1002 zu
1346 945 1420 1002 sehr

288 1064 327 1109 zu
339 1050 559 1124 oberraschen,
571 1051 686 1110 vorher
696 1050 813 1109 bereits
825 1049 977 1114 (sicherin
985 1050 1215 1123 Gesprachmit
1223 1051 1418 1124 Pamphilus)

288 1157 396 1216 seinen
424 1157 614 1217 Entsehluss
636 1157 863 1231 kundgegeben
884 1157 996 1231 haben,
1020 1157 1093 1215 dem
1115 1156 1213 1216 Plane
1234 1157 1287 1215 der
1308 1156 1419 1216 beiden

286 1264 382 1323 Alton
415 1263 743 1350 entgegenzuwirlren.
775 1264 817 1322 Es
841 1263 919 1338 llegt
944 1263 1043 1322 somit
1064 1263 1114 1322 die
1135 1264 1305 1323 Annahme
1326 1265 1417 1338 nahe,

288 1371 363 1430 dass
384 1371 491 1431 Davus
512 1371 577 1429 und
598 1371 667 1429 sein
677 1371 791 1445 jungar
806 1370 887 1430 Herr
898 1370 1108 1430 unmittelbar
1118 1385 1217 1430 auvor
1228 1369 1273 1435 (sc
1286 1370 1301 1428 1
1314 1370 1378 1428 und
1389 1372 1417 1442 2)

287 1478 404 1537 bereits
426 1477 484 1537 auf
502 1479 555 1537 der
576 1479 688 1536 Bohne
708 1477 846 1538 waren.''

327 1585 387 1644 His
404 1584 566 1659 probabile
583 1583 618 1643 fit
639 1585 695 1643 aut
713 1584 756 1643 IV
775 1586 793 1644 2
810 1585 917 1659 ipsam
933 1599 973 1644 ex
995 1584 1114 1643 Andria
1125 1598 1170 1658 gr.
1182 1583 1336 1643 haustam
1348 1599 1419 1642 esse

289 1693 344 1752 aut
358 1693 402 1752 ibi
412 1708 513 1766 paene
523 1692 657 1752 eandem
669 1705 800 1751 scenam
812 1691 920 1752 fuisse.
942 1691 1086 1750 illavero
1098 1691 1202 1764 opinio
1214 1690 1419 1764 praeferenda

286 1799 366 1858 mihi
384 1799 522 1859 videtur:
544 1814 622 1858 nam
637 1813 719 1871 quae
734 1798 888 1858 Charinus
902 1798 953 1858 hic
967 1797 1115 1871 loquitur,
1132 1796 1225 1856 facile
1238 1797 1337 1856 eximi
1351 1811 1419 1870 pos·

287 1907 371 1964 sunt.
391 1906 454 1964 Vss
469 1907 496 1980 8,
517 1907 555 1965 19
574 1906 696 1965 duobus
710 1905 855 1963 tribusve
865 1904 970 1963 verbis
981 1904 1122 1964 dolorem
1133 1919 1230 1962 suum
1242 1904 1419 1977 exprimere

286 2013 368 2071 satis
381 2012 479 2070 habet
489 2027 592 2085 neque
603 2025 797 2085 quemquam
810 2011 1005 2084 adloquitur;
1016 2011 1049 2070 in
1060 2009 1122 2069 fine
1133 2027 1152 2070 a
1162 2011 1251 2071 Davo
1262 2011 1417 2084 irridetur,

287 2131 362 2176 cum
393 2117 545 2191 postulat,
578 2119 614 2175 ut
644 2117 697 2176 ille
728 2132 864 2177 uxorem
895 2117 956 2176 sibi
987 2116 1132 2178 conciliet
1164 2116 1203 2178 cf.
1234 2132 1265 2176 1.
1291 2118 1418 2176 25-30.

289 2224 388 2283 Poeta
410 2225 520 2282 autem
544 2225 694 2282 iuvenem
715 2224 765 2282 hic
785 2223 951 2282 induxisse
968 2224 1101 2297 videtur,
1120 2224 1304 2297 utDavum,
1316 2238 1417 2282 novas

288 2330 432 2390 fallacias
474 2331 717 2404 promittentem
756 2330 962 2402 auscultaret,
994 2345 1057 2403 quo
1089 2329 1176 2390 dolor
1208 2331 1418 2403 anxietasque

288 2437 356 2495 eius
387 2437 599 2511 minueretur;
631 2452 709 2496 nam
741 2437 785 2495 sic
819 2437 1048 2511 desperantem,
1084 2438 1121 2495 ut
1146 2436 1189 2496 IV
1213 2435 1238 2497 l.
1260 2437 1416 2511 videmus

288 2544 461 2604 Charinum
482 2544 643 2603 dimittere
664 2543 839 2603 molestum
861 2545 945 2617 erat;
973 2543 1069 2602 simul
1092 2544 1131 2602 ad
1153 2543 1328 2603 adventum
1349 2544 1417 2601 eius

287 2650 320 2708 11
342 2649 469 2710 fabulae
489 2648 552 2709 fine
573 2651 792 2724 spectatorum
815 2651 939 2710 animos
961 2664 1149 2724 praeparare
1168 2650 1306 2709 volebat.

328 2756 483 2816 Charinus
513 2757 542 2814 V
573 2759 591 2817 5
622 2758 755 2815 tertium
789 2757 888 2831 adest,
925 2758 962 2816 ut
983 2757 1173 2831 sciscitetur,
1195 2771 1258 2830 quo
1280 2757 1418 2815 evaserit

286 2863 367 2921 Davi
408 2862 508 2922 dolus.
551 2863 726 2923 Commode
764 2865 842 2922 tunc
877 2864 992 2937 gaudio
1024 2863 1192 2923 exsultans
1224 2863 1318 2924 domo
1350 2863 1417 2921 exit

287 2970 482 3043 Pamphilus
505 2971 541 3028 ut
552 2970 660 3043 palam
673 2970 860 3029 felicitatem
871 2985 966 3032 suam
978 2970 1198 3044 proloquatur;
1209 2971 1242 3029 in
1253 2970 1417 3044 proscenio

287 3076 489 3149 conspicatur
509 3077 644 3151 Davum,
667 3077 762 3136 modo
785 3093 804 3136 a
826 3078 956 3137 Simone
970 3077 1106 3136 vinculis
1117 3077 1270 3137 solutum.
1281 3077 1417 3136 Enarrat

287 3197 380 3242 servo
404 3180 495 3257 fideli,
519 3199 601 3256 quae
623 3183 815 3257 factasunt,
838 3184 915 3242 dum
937 3183 1034 3243 simul
1056 3183 1210 3244 Charinus
1231 3185 1310 3243 haec
1332 3183 1416 3242 clam

288 3289 428 3350 exaudit.
451 3289 530 3349 Cum
551 3289 605 3348 ille
624 3290 791 3364 intelligat,
815 3291 924 3350 omnia
945 3291 1024 3349 bene
1045 3305 1117 3348 sese
1136 3291 1260 3365 habere,
1275 3290 1417 3349 amicum

286 3397 378 3470 rogat
400 3396 537 3470 aditque,
560 3397 596 3455 ut
618 3411 653 3455 se
674 3411 799 3470 quoque
819 3397 852 3454 in
869 3397 1017 3456 secundis
1028 3397 1186 3471 respiciat.
1197 3397 1270 3458 Una
1281 3396 1417 3469 Glycerii

287 3503 420 3562 domum
440 3504 571 3577 intrant,
593 3503 647 3562 ubi
669 3503 819 3564 Chremes
840 3505 898 3577 est,
918 3519 1014 3577 quem
1029 3505 1200 3578 rogaturus
1212 3505 1261 3562 est
1272 3503 1417 3576 Pamphi·

286 3610 346 3682 lus,
368 3611 404 3668 ut
427 3611 530 3670 amico
551 3609 652 3669 filiam
672 3611 765 3670 uxori
786 3611 848 3670 det.
971 3655 973 3659 s
1408 3615 1410 3620 '

328 3715 436 3790 Quivis
467 3717 562 3791 videt,
598 3717 718 3789 absque
749 3717 884 3776 Charino
913 3718 1007 3791 esset,
1030 3717 1174 3776 fabulam
1194 3716 1315 3790 optime
1335 3714 1417 3774 finiri

287 3837 381 3896 posse
401 3824 474 3896 post
496 3824 525 3880 V
546 3826 573 3897 5,
597 3825 769 3897 postquam
792 3825 978 3898 Pamphilus
1003 3839 1060 3898 spe
1070 3824 1192 3898 potitus
1204 3825 1253 3881 est
1265 3823 1418 3896 Simoque

286 3929 354 3987 iam
384 3930 540 4005 promisit,
573 3945 608 3988 se
638 3933 766 3990 Davum
789 3931 1000 3991 liberaturum
1021 3947 1100 3992 esse.
1123 3932 1210 4006 Quae
1230 3931 1415 4004 sequuntm,

287 4036 363 4095 nihil
394 4037 469 4096 novi
501 4038 664 4096 continent
697 4038 867 4111 additaque
895 4053 966 4097 esse
991 4038 1139 4096 videntur
1160 4037 1286 4098 Charini
1307 4052 1415 4097 causa.

288 4143 366 4201 Vide
386 4143 550 4203 Donatum
573 4144 613 4203 ad
632 4144 661 4201 V
682 4147 710 4205 6.
733 4147 751 4204 o
775 4145 880 4219 ,Haec
897 4145 945 4204 ita
965 4146 1135 4204 narrantur
1145 4146 1243 4218 Davo,
1256 4145 1293 4202 ut
1304 4144 1416 4203 eadem

287 4263 382 4322 opera
403 4249 503 4308 etiam
525 4249 680 4310 Charinus
703 4251 841 4311 audiat.’'
872 4251 901 4308 V
922 4253 950 4312 6.
971 4253 990 4310 6
1017 4252 1122 4326 ,,Η111
1144 4251 1260 4326 omnia,
1283 4251 1319 4309 ut
1340 4250 1417 4309 dixi·
