3386 5046
806 519 843 576 15

260 721 318 781 „ne
338 705 486 764 videatur
507 706 535 763 ei
557 719 675 763 manus
691 705 823 778 dedisse,
839 705 918 764 haec
931 704 1033 763 addit:
1049 705 1176 778 „Neque
1186 705 1391 766 vendundam

260 827 401 887 ,censeq
425 813 512 886 Quae
539 811 672 870 liberast
695 827 724 884 q.
737 812 783 871 s.”
796 826 879 884 quae
890 811 1071 884 arrogantis
1083 811 1244 884 simulque
1254 812 1391 872 iocantis

259 920 375 994 „verba
406 920 482 976 sunt
514 919 607 991 quasi
639 919 740 978 dicat:
764 919 865 976 Recte
887 917 966 976 facis
989 919 1072 990 quod
1093 918 1234 991 puellam
1256 919 1393 978 vendere

260 1042 341 1101 „non
372 1027 438 1086 vis:
472 1040 529 1098 ego
561 1040 688 1098 quoque
708 1025 754 1083 ita
778 1025 892 1099 sentio,
915 1021 991 1097 quin
1013 1025 1113 1083 etiam
1134 1025 1226 1084 nefas
1249 1041 1320 1084 esse
1342 1027 1392 1086 aio

260 1133 367 1207 „illam
398 1133 515 1205 venire,
548 1147 626 1190 narn
658 1131 758 1190 libera
790 1133 850 1205 est,
884 1147 928 1191 sc.
961 1132 1030 1190 iure
1061 1147 1134 1191 meo
1167 1134 1225 1192 est.
1251 1133 1392 1206 Arripuit

261 1240 457 1315 „Aeschinus
480 1239 690 1311 occasionem,
714 1253 797 1311 quae
815 1253 887 1296 sese
901 1238 1026 1312 obtulit,
1042 1237 1223 1298 ludificandi
1233 1239 1391 1313 lenonem,

262 1347 333 1421 „qui
367 1347 449 1406 satis
481 1347 589 1418 inepte
619 1346 804 1418 negavisset
837 1345 986 1419 puellam,
1020 1361 1118 1418 quam
1151 1347 1325 1421 amisisset,
1358 1361 1394 1405 se

261 1453 494 1527 „venditurum
536 1453 572 1510 In
611 1452 853 1524 insequentibus
883 1467 1009 1524 quoque
1033 1453 1154 1513 verbis:
1189 1453 1297 1526 „Nunc
1321 1454 1394 1512 vide

262 1561 390 1634 „utrum
417 1560 482 1619 vis:
512 1559 681 1632 argentum
709 1559 851 1632 accipere
877 1574 918 1617 an
946 1574 1081 1618 causam
1106 1560 1255 1618 meditari
1279 1561 1392 1620 tuam”

263 1663 414 1740 „ripuaria
432 1667 522 1740 latet,
545 1667 638 1739 quasi
659 1666 743 1724 dicat
762 1665 962 1726 adulescens:
984 1667 1063 1724 Vide
1084 1667 1270 1728 utrumvis:
1287 1682 1392 1740 argen-

262 1774 351 1847 ,tum
374 1773 516 1845 accipere
538 1787 578 1831 an
600 1774 783 1845 utrumque,
808 1774 978 1845 argentum
1000 1775 1032 1830 et
1050 1772 1199 1846 puellam,
1213 1773 1392 1832 amittere”.

262 1880 368 1953 ,Haec
396 1880 504 1938 omnia
531 1879 601 1938 ideo
623 1879 709 1938 dicta
731 1893 802 1937 esse
822 1879 873 1936 101
894 1881 954 1938 100
977 1880 1167 1952 argumento
1190 1882 1248 1953 est,
1272 1880 1354 1953 quod
1377 1895 1394 1938 e

168 2058 170 2062 Ι
263 1985 403 2059 ,lenonis
434 1986 540 2044 verbis
571 1985 677 2044 lenoni
709 1987 871 2044 contraria
903 1987 1064 2046 conclusio
1095 1985 1230 2044 infertur
1263 1989 1328 2061 aut,
1357 1988 1393 2044 ut

263 2093 482 2166 ,Terentianis
515 2092 619 2150 verbis
648 2094 730 2166 utar,
754 2107 813 2152 suo
834 2093 935 2165 ipsius
957 2092 1061 2166 gladio
1082 2093 1275 2166 iugulatur'’.

300 2199 390 2258 Addo
418 2200 488 2273 hoc,
518 2199 573 2256 vix
602 2199 777 2258 verisimile
806 2214 885 2273 esse,
908 2200 1058 2258 iuvenem
1080 2216 1135 2274 pro
1158 2200 1271 2274 puella,
1294 2216 1393 2273 quarn

261 2306 395 2365 liberam
418 2321 489 2364 esse
510 2307 597 2366 certo
620 2306 751 2380 sciebat,
773 2307 903 2364 tantam
925 2308 1094 2379 pecuniam
1117 2307 1268 2366 daturum
1284 2307 1391 2381 fuisse,

263 2414 420 2485 quantam
442 2413 603 2485 promittit
626 2414 732 2486 1—38,
755 2413 870 2486 viginti
891 2415 1007 2473 minas
1384 2425 1387 2430 ’

302 2520 335 2578 L.
360 2521 514 2592 sennenn,
537 2520 569 2576 in
582 2519 679 2592 praef.
692 2519 823 2592 Adelph.
835 2519 982 2592 probavit
994 2520 1200 2580 Duiatzkonis
1213 2521 1393 2594 opinionem

263 2627 294 2683 et
312 2641 395 2685 novo
417 2626 607 2698 argumento
626 2624 755 2684 firmare
772 2627 907 2686 conatus
923 2629 981 2700 est,
995 2627 1085 2686 cuius
1096 2628 1208 2686 tamen
1220 2628 1393 2686 veritatem

262 2749 325 2792 non
369 2748 517 2806 agnosco.
559 2733 664 2791 Verba
705 2734 773 2791 eius
816 2735 895 2792 haec
937 2735 1030 2794 sunt:
1075 2735 1196 2808 ,Wozu
1239 2735 1394 2793 brauchte

264 2839 443 2897 Aeschinus
465 2840 525 2897 den
546 2839 617 2899 leno
640 2855 698 2898 aus
721 2841 794 2898 dem
816 2841 945 2899 Hausse
966 2857 1005 2899 zu
1027 2842 1149 2899 reissen
1170 2856 1264 2900 wenn
1287 2857 1320 2899 er
1333 2857 1394 2900 nur

262 2945 319 3004 das
340 2945 492 3004 Medchen
514 2947 547 3004 in
569 2947 743 3006 Sicherheit
761 2948 893 3020 bringen
908 2947 1039 3008 wollte?
1053 2947 1394 3008 Weitvortheilhaiter

262 3057 348 3110 ware
370 3053 426 3110 das
449 3053 633 3126 Gegentheil
653 3053 774 3112 11111111
792 3069 948 3127 genesen,
972 3069 1065 3114 wenn
1087 3069 1120 3112 er
1141 3055 1195 3112 ihn
1217 3055 1250 3112 in
1271 3055 1394 3113 seinem

262 3159 374 3217 Hause
398 3161 541 3233 gesperrt
567 3161 667 3233 11110,
697 3175 790 3220 wenn
812 3175 843 3218 er
865 3161 1030 3234 gehindert
1051 3162 1151 3235 hatte,
1175 3162 1250 3220 dass
1272 3177 1305 3220 er
1325 3162 1393 3220 ihm

263 3265 321 3324 auf
358 3266 412 3323 der
454 3267 583 3326 Strasse
622 3267 834 3327 nachlaufend
866 3268 923 3326 das
954 3268 1106 3326 Meidchen
1138 3269 1322 3327 wiederholt
1354 3284 1394 3327 zu

263 3372 439 3430 entreissen
471 3374 594 3434 suchte.
626 3375 774 3448 Dagegen
803 3377 914 3448 pesste
935 3375 1037 3433 dieser
1059 3375 1269 3434 Sachverhalt
1290 3375 1322 3433 in
1344 3375 1394 3432 die

263 3477 414 3536 Gomodie
435 3477 490 3536 des
511 3479 664 3552 Diphilus.
706 3481 811 3538 Weun
833 3481 890 3538 das
912 3481 1064 3540 Mddchen
1089 3482 1160 3542 eine
1181 3481 1394 3552 freigeborene

263 3598 331 3641 war
359 3585 423 3643 und
452 3585 506 3644 der
536 3586 607 3646 leno
639 3587 708 3646 sich
739 3587 1392 3660 110115011010110110111101001011011,

262 3701 299 3747 so
321 3690 442 3750 konnte
463 3692 517 3750 der
539 3693 725 3752 adulescens
747 3694 801 3756 ihn
825 3709 883 3752 aus
912 3695 1034 3753 seinem
1059 3695 1171 3752 Hause
1197 3709 1305 3752 zerren
1330 3694 1394 3752 und

263 3797 324 3855 mit
346 3799 470 3857 Gewalt
492 3814 550 3858 101
575 3800 703 3860 (1011011
726 3801 868 3861 fuhren'’.

303 3905 391 3964 Haec
413 3921 493 3964 sane
513 3906 607 3980 longe
628 3908 775 3980 quaesita
797 3909 874 3967 sunt
895 3923 999 3981 neque
1021 3908 1195 3967 admodum
1220 3907 1395 3981 probabilia

264 4011 295 4068 et
327 4012 408 4070 satis
440 4013 582 4072 refutata
615 4029 633 4072 a
665 4015 816 4073 Nencinio
849 4031 878 4088 p.
912 4016 983 4075 123:
1017 4016 1129 4089 „Leuq
1161 4015 1273 4089 inquit,
1300 4014 1394 4073 domo

265 4118 476 4190 ,exturbatus
509 4121 567 4193 est,
599 4135 641 4179 ne
671 4121 812 4194 puellam
844 4122 1071 4194 quaerentibus
1096 4121 1254 4180 molestus
1279 4120 1394 4193 esset’',

264 4223 295 4280 et
326 4226 506 4296 praeterea:
542 4243 622 4301 ,non
654 4229 735 4286 satis
767 4228 875 4302 liquet,
909 4243 964 4286 cur
995 4227 1066 4288 leno
1097 4228 1213 4286 timeat
1247 4229 1322 4302 ise,
1355 4242 1396 4286 ne
