3386 5046
843 551 882 610 24

334 736 489 796 Daiatzlro
501 736 550 796 l.c.
561 736 646 795 hanc
657 736 876 796 coniecturam
887 737 926 795 de
937 737 1114 811 exemplari
1124 753 1239 812 graeco
1251 742 1429 814 proposuit:

336 845 417 919 ,For
438 843 525 902 mich
545 843 589 901 ist
611 857 645 901 es
668 843 763 902 daher
787 859 841 902 am
864 843 1211 920 wahrscheinlichsten,
1234 847 1309 906 dass
1323 849 1356 906 in
1371 848 1430 908 den

293 950 511 1023 griechischen
538 949 701 1024 Adelphoe
729 950 780 1008 bei
807 951 930 1024 Beginn
959 950 1014 1010 des
1043 952 1182 1011 aweiten
1202 953 1314 1029 Aktes,
1336 969 1430 1014 werin

293 1071 370 1116 man
398 1072 462 1116 von
490 1056 755 1130 Akteintheilung
779 1057 992 1130 griechischer
1012 1058 1153 1118 Dremen
1174 1061 1329 1134 sprechen
1351 1061 1430 1136 dari,

293 1163 451 1222 nachdem
473 1163 594 1222 Demea
615 1163 680 1222 und
698 1163 790 1223 Micio
810 1164 873 1222 wie
886 1165 937 1222 bei
949 1164 1070 1223 Terenz
1082 1165 1132 1224 die
1142 1167 1256 1226 Birhne
1266 1168 1431 1228 verlassen

292 1270 406 1343 haben,
446 1270 626 1329 Aeschinus
663 1270 724 1328 mit
763 1271 886 1330 seinem
917 1271 1118 1332 Dienertross
1149 1274 1215 1332 und
1247 1273 1320 1333 dem
1352 1276 1431 1334 eben

292 1377 468 1450 geraubten
500 1377 652 1436 Modohen
676 1377 813 1452 auftritt,
836 1378 939 1437 wobel
960 1379 1034 1438 sehr
1056 1379 1195 1452 passend
1217 1381 1275 1440 das
1297 1381 1431 1454 Wenige

293 1483 465 1556 mitgeteilt
493 1484 621 1542 werden
650 1483 779 1558 konnte,
813 1498 882 1542 was
904 1486 988 1544 nach
1008 1486 1147 1544 Demeas
1168 1486 1350 1560 Erzohlung
1371 1487 1431 1546 den

294 1591 499 1649 Zuschauern
521 1591 607 1650 etwa
627 1591 711 1651 nooh
732 1591 919 1650 unbekannt
942 1592 1040 1652 war’'.

332 1697 521 1757 Dziatzlroni
544 1712 697 1756 assensus
723 1699 774 1756 est
796 1697 945 1771 Regelius
960 1698 1027 1773 l.c.;
1043 1699 1097 1773 qui
1108 1700 1168 1759 hoc
1183 1701 1315 1759 tentum
1327 1701 1430 1762 addit:

336 1805 524 1878 ,Moglicher
564 1805 674 1864 Weise
711 1820 780 1864 1111
818 1805 868 1863 bei
906 1805 1077 1864 Menander
1112 1806 1202 1880 jedes
1240 1809 1432 1882 Austossige

295 1910 434 1970 dadurch
456 1911 648 1984 vermieden,
668 1912 745 1970 dass
759 1911 939 1970 Aeschinus
950 1912 984 1970 in
996 1913 1101 1972 einem
1115 1915 1281 1988 Moncloge
1292 1915 1430 1989 darthet,

294 2032 328 2075 er
347 2017 431 2076 habe
451 2018 540 2077 nicht
562 2018 664 2092 gleich
685 2019 770 2077 nach
790 2019 1005 2079 volibreohter
1027 2021 1112 2078 That
1126 2021 1188 2079 mit
1202 2021 1306 2080 seiner
1321 2022 1430 2095 Beute,

294 2138 370 2180 zum
391 2124 503 2182 Hause
525 2123 579 2182 des
601 2125 692 2184 Micio
715 2125 882 2185 entrinnen
905 2125 1040 2200 konnen,
1060 2127 1107 2184 sei
1128 2127 1311 2200 unterwegs
1333 2127 1431 2186 durch

295 2229 354 2288 den
375 2228 562 2288 lormenden
585 2232 704 2291 Sannio
726 2234 809 2291 noch
829 2233 958 2306 longera
973 2233 1042 2290 Zeit
1058 2233 1263 2306 aufgehalten
1279 2249 1309 2294 u.
1325 2235 1353 2294 d.
1369 2234 1430 2308 gl.'’

334 2337 475 2410 Apparet
497 2337 578 2395 bene
599 2338 868 2397 animadvertisse
887 2338 1063 2414 Regellum,
1087 2356 1151 2412 qua
1165 2341 1197 2399 in
1212 2355 1247 2398 re
1260 2341 1431 2416 sententia,

295 2459 315 2502 a
353 2443 550 2503 Dziatzkone
586 2444 721 2519 prolata,
759 2445 924 2517 claudicet,
960 2462 1160 2520 quamquam
1192 2447 1271 2505 mihi
1303 2448 1432 2521 quidem

295 2551 464 2625 rationem,
491 2566 590 2625 quam
614 2551 686 2609 iniit
712 2550 752 2610 ad
773 2552 959 2611 molestiam
980 2553 1166 2628 tollendam,
1188 2569 1252 2614 non
1274 2555 1432 2628 probavit.

336 2658 415 2733 Quid
438 2658 549 2717 enirn?
591 2658 748 2731 Cuiquam
771 2659 919 2717 credibile
939 2659 1066 2718 videtur
1086 2661 1284 2720 Aeschinum
1305 2662 1432 2721 tamdiu

294 2779 349 2837 per
381 2765 494 2823 urbem
525 2765 684 2838 vagatum
717 2780 797 2837 esse,
831 2766 876 2840 ut,
909 2781 985 2824 cum
1014 2767 1120 2826 media
1148 2769 1244 2827 nocte
1269 2769 1432 2828 elenonis

296 2869 427 2928 aedibus
456 2870 618 2944 profectus
646 2874 741 2947 esset,
763 2887 849 2931 nunc
875 2873 1016 2948 demum,
1038 2889 1103 2933 non
1123 2875 1226 2947 primo
1249 2891 1354 2950 mane,
1376 2876 1433 2934 sed

296 2975 460 3048 aliquanto
501 2978 569 3036 iam
611 2978 671 3037 diei
702 2963 844 3054 peracto,
879 2981 1013 3040 domum
1045 2982 1242 3043 reverteret?
1284 2982 1432 3056 Ctesipho

294 3083 422 3156 saltem,
456 3084 510 3156 qui
540 3085 679 3158 raptioni
703 3086 902 3160 interfuerat,
927 3086 1050 3146 iamdiu
1074 3087 1107 3146 in
1129 3089 1299 3162 paternam
1320 3089 1432 3148 villam

294 3189 447 3263 redierat;
470 3205 545 3248 oum
567 3191 654 3250 enim
676 3194 767 3265 pater
789 3194 857 3252 eius
880 3209 977 3252 mene
994 3195 1027 3253 in
1042 3195 1155 3254 urbem
1170 3193 1431 3269 proficisceretur,

295 3297 403 3370 procul
428 3297 523 3357 dubio
546 3299 632 3358 domi
658 3300 735 3374 erat,
759 3300 843 3358 unde
864 3316 943 3360 mox
965 3301 1131 3360 reveniens
1154 3301 1287 3360 fratrem
1309 3302 1432 3362 visitet.

335 3404 435 3477 Atqui
446 3405 577 3478 gravius
586 3405 704 3478 aliquid
712 3408 772 3480 est,
782 3407 873 3465 cuius
882 3407 1042 3466 rationem
1050 3408 1179 3466 reddere
1187 3408 1432 3481 supersederunt

296 3511 367 3569 11111
399 3511 553 3571 Daiatzko
586 3527 685 3585 quam
718 3513 877 3587 Regelius.
919 3515 1012 3574 Unde
1040 3515 1126 3573 enim
1155 3515 1340 3588 supervenit
1360 3515 1433 3575 lenc

296 3619 327 3676 II
350 3620 378 3678 2.
400 3620 443 3678 1?
484 3621 718 3678 Persecutusne
740 3621 789 3678 est
811 3621 957 3694 raptores
980 3621 1019 3679 ad
1042 3620 1137 3680 aedes
1159 3622 1311 3695 patemes
1337 3622 1435 3694 atque

295 3725 401 3797 spatio
423 3724 557 3800 distans
581 3726 753 3799 tranquille
775 3742 812 3786 ae
834 3727 935 3786 tacite
953 3727 1075 3786 audivit
1092 3729 1148 3786 aut
1163 3729 1361 3787 Aeschinum
1377 3730 1434 3787 aut

298 3830 398 3889 alium
431 3832 571 3905 aliquem
603 3833 840 3906 spectatoribus
873 3834 960 3893 facta
988 3834 1226 3910 disserentem?
1265 3835 1353 3894 Num
1374 3835 1434 3893 viri

296 3937 342 3995 illi
373 3938 435 3998 sibi
465 3937 628 3997 finxerunt
660 3955 716 4012 per
743 3940 933 4014 compendia
961 3941 1034 4000 viee
1056 3943 1244 4001 assecutum
1266 3957 1338 4000 esse
1360 3943 1435 4001 Sen-

296 4045 426 4105 nionem
458 4045 642 4120 praedones,
675 4062 756 4120 quos
787 4047 894 4121 paullo
927 4049 1003 4106 ante
1029 4047 1220 4123 reliquisset,
1242 4049 1279 4106 ut
1301 4048 1435 4108 domum

297 4165 393 4209 suam
424 4153 546 4225 peteret
579 4154 677 4227 atque
708 4169 782 4213 euni
814 4155 848 4214 in
880 4155 1084 4228 proscenium
1113 4155 1283 4215 advenisse
1307 4171 1344 4215 eo
1364 4155 1435 4229 ipso

296 4258 452 4332 temporis
483 4262 661 4335 momento,
695 4276 770 4320 cum
798 4262 931 4322 domum
951 4262 1134 4322 intrarent?
1177 4262 1315 4322 Tamdiu
1337 4263 1435 4336 igitur
