3386 5046
830 559 868 616 25

278 747 378 805 etiam
409 745 589 806 Aeschinus
618 743 650 804 in
672 744 786 803 itinere
807 745 955 803 moratus
980 745 1039 818 est„
1062 744 1237 818 postquam
1260 743 1416 804 liberatus

278 854 348 912 erat
389 852 511 927 lenone,
545 853 582 910 ut
612 850 659 910 illi
690 852 821 925 tempus
853 851 939 909 esset
971 851 1105 910 domum
1137 851 1288 910 redeundi
1319 853 1418 925 atque

278 975 375 1019 mane
403 961 443 1020 ad
472 958 616 1019 Micionis
642 957 736 1017 aedes
759 957 918 1032 pergendi,
942 957 996 1016 ubi
1017 957 1114 1016 simui
1137 971 1213 1016 cnm
1233 958 1417 1031 raptoribus

279 1066 468 1127 adveniret?

317 1173 406 1232 Haeo
438 1172 518 1232 mihi
551 1171 721 1232 obstacula
753 1171 834 1231 talia
865 1170 1024 1245 videntur,
1057 1172 1094 1229 ut
1125 1171 1242 1231 horum
1273 1171 1416 1231 virorum

278 1280 476 1340 sententiam
498 1280 633 1353 probare
654 1293 825 1352 nequeam.

319 1387 487 1447 Postremo
517 1387 651 1446 Klaseni
679 1386 786 1459 opinio
807 1384 1094 1444 commemoranda
1115 1385 1174 1460 est,
1198 1400 1281 1458 quae
1301 1384 1417 1444 iisdem

279 1494 510 1555 obiectionibus
549 1493 690 1554 obnoxia
732 1507 796 1553 non
829 1493 879 1550 est
911 1492 1027 1565 quibus
1060 1492 1186 1550 ceterae
1217 1492 1315 1565 atque
1346 1492 1417 1551 tam

278 1601 450 1675 probabilis
482 1601 563 1659 mihi
592 1600 727 1674 videtur„
757 1600 793 1658 ut
816 1599 966 1658 omnibus
987 1598 1117 1671 reliquis
1139 1598 1328 1672 praeferam.
1370 1598 1417 1658 Oi.

278 1724 308 1782 p.
329 1709 357 1768 9.
382 1709 481 1782 „Cum
504 1708 537 1767 in
560 1707 724 1766 Menandri
746 1697 855 1765 fabula
877 1709 967 1779 virgo
990 1721 1055 1766 non
1070 1720 1180 1765 coram
1195 1705 1417 1779 spectantibus

280 1816 338 1888 „ab
361 1814 566 1874 adulescente
588 1816 697 1888 erepta
716 1813 914 1885 domumque
933 1813 1081 1886 abducta„
1101 1811 1417 1871 sedverbistantum

280 1922 337 1996 „de
355 1922 645 1980 vehementissima
666 1921 721 1980 illa
743 1921 816 1979 rixa
837 1921 1023 1994 expositum
1046 1920 1141 1992 esset„
1164 1920 1232 1978 veri
1250 1919 1417 1978 simileest

204 2034 208 2042 '
281 2043 373 2102 „eam
401 2028 529 2088 fabulae
557 2030 685 2101 partem
710 2043 729 2086 a
751 2028 847 2100 poeta
868 2042 982 2101 graeco
1003 2027 1051 2085 ita
1073 2041 1145 2084 esse
1166 2027 1298 2085 auctam
1320 2027 1418 2098 atque

281 2133 541 2210 „amplificatam
574 2135 611 2192 ut
642 2134 792 2195 lenonem
823 2135 987 2194 induceret
1021 2135 1191 2208 argentum
1223 2148 1278 2206 pro
1309 2133 1418 2206 erepta

283 2243 469 2316 „meretrice
503 2241 744 2315 efflagitantem„
778 2243 832 2315 qui
864 2241 993 2300 uberius
1026 2241 1064 2298 de
1095 2240 1246 2300 Aeschini
1278 2239 1418 2299 facinore

282 2349 498 2423 „spectatores
520 2349 695 2408 edocer·et”.
738 2348 783 2422 cf„
806 2363 889 2421 quae
909 2362 1007 2421 supra
1028 2348 1163 2421 exposui
1184 2364 1213 2421 p.
1236 2349 1283 2406 17.

766 3012 875 3072 Garun
897 3013 925 3071 2.

325 3201 373 3259 Dn
393 3214 632 3259 orscnnrnurrh
653 3213 751 3257 rnrnn
773 3213 942 3258 exosorum
963 3212 1115 3256 rneucnn
1137 3199 1379 3257 Trnenrrhuun

699 3321 739 3363 nr
760 3306 1003 3365 hermonum.

323 3627 465 3687 Tradidit
501 3627 592 3686 nobis
624 3627 657 3685 in
688 3625 758 3684 vita
789 3626 904 3700 poetae
935 3626 968 3685 C.
1001 3625 1173 3685 Suetonius
1205 3623 1418 3699 Tranquiilus„

292 3734 464 3794 Varronem
489 3733 680 3807 praetulisse
702 3733 869 3792 exordium
892 3732 1122 3792 Terentianum
1142 3731 1342 3791 Menandreo.
1374 3731 1420 3792 cf.

283 3840 330 3900 ed.
352 3840 442 3900 Reiff.
465 3857 494 3914 p.
518 3842 565 3900 19.
590 3841 780 3914 „Eunuchus
796 3839 925 3912 quidem
940 3840 989 3898 bis
1002 3885 1009 3898 .
1024 3885 1030 3899 .
1044 3885 1070 3898 ..
1089 3840 1163 3898 acta
1175 3839 1224 3896 est
1239 3839 1421 3912 meruitque

285 3947 450 4022 „pretium
482 3949 641 4020 quantum
670 3947 758 4005 nulla
784 3947 880 4006 antea
902 3947 1094 4019 cuiusquam
1120 3945 1294 4020 comoedia,
1317 3943 1421 4004 videli-

285 4054 354 4127 „oet
387 4055 460 4114 octo
492 4053 582 4112 milia
612 4070 802 4114 nummum:
832 4055 1000 4126 propterea
1025 4067 1157 4111 summa
1178 4066 1304 4126 quoque
1325 4051 1421 4111 titulo

285 4161 503 4235 „adscribitur
535 4161 620 4220 Nam
641 4161 859 4235 Adelphorum
881 4160 1070 4234 principium
1091 4160 1192 4218 Varro
1214 4159 1313 4217 etiam
1336 4172 1422 4232 prae

285 4266 364 4342 „fert
412 4268 563 4341 principio
605 4267 798 4328 Menandri”.
851 4267 928 4326 Post
976 4265 1119 4340 Wotrtum
1155 4266 1187 4324 et
1217 4264 1422 4324 Ritacheliam
