3386 5046
276 759 436 818 Anschein
468 759 623 831 betritgen
654 757 735 816 lassi
767 757 832 816 und
853 757 908 816 ihn
929 757 1075 816 wirklich
1096 758 1264 828 verdndert
1286 758 1407 832 glaubt.
1449 795 1453 807 ,

275 866 303 922 V
325 867 352 926 9.
375 865 443 925 273⁹
948 871 950 876 '
1452 873 1453 876 ’

316 973 349 1031 Si
370 973 453 1031 hanc
474 971 559 1031 docti
579 970 785 1044 grammatici
800 970 1019 1044 Lessingiique
1030 970 1211 1044 opinionem
1223 972 1405 1046 probamus

274 1079 353 1137 nihil
383 1079 451 1137 iarn
483 1080 541 1152 est,
573 1079 607 1136 in
628 1094 690 1151 quo
712 1079 913 1138 haereamus,
936 1077 1055 1137 Contra
1076 1093 1127 1136 res
1149 1078 1231 1136 satis
1252 1079 1407 1152 impedita

276 1187 334 1260 est,
367 1185 394 1244 si
425 1186 458 1243 in
490 1185 686 1244 contrariam
717 1185 846 1258 partam
879 1184 1016 1258 abimus,
1042 1184 1079 1241 ut
1100 1185 1179 1243 mihi
1200 1185 1406 1244 nihilosecius

275 1292 455 1351 faciendum
486 1292 622 1352 videtur.
654 1292 690 1349 ln
723 1291 889 1364 soliloquio
918 1280 1139 1365 pulcherrimo,
1165 1291 1241 1366 Vi,
1264 1291 1405 1351 rationes

275 1399 405 1472 exponit
422 1399 550 1472 Demea,
570 1413 652 1471 quae
670 1413 744 1456 eum
762 1398 967 1472 induxerunt,
987 1398 1023 1454 ut
1036 1398 1159 1472 ,vitam
1170 1397 1293 1472 duram,
1306 1413 1405 1471 quarn

275 1506 376 1563 adhuc
404 1505 531 1579 vixerit,
560 1505 755 1564 omitteret.”
777 1505 800 1563 Ε
824 1504 932 1563 fratris
955 1504 1041 1562 enirn
1063 1505 1210 1578 exemplo
1232 1505 1404 1578 perspexit,

273 1612 394 1685 quanto
415 1611 523 1671 utilior
544 1612 587 1669 sit
606 1611 744 1670 facilitas
760 1612 857 1685 atque
871 1611 1052 1685 clementia,
1068 1626 1167 1683 quam
1179 1611 1296 1670 duritia
1308 1613 1405 1685 atque

177 1755 179 1759 -
273 1705 455 1792 morositas
489 1718 603 1792 quibus
635 1718 703 1792 ipse
735 1732 861 1791 semper
882 1717 1051 1778 studuerit.
1083 1718 1236 1778 Omnium
1259 1733 1403 1778 amorem

272 1827 463 1884 consecutus
506 1825 554 1882 est
589 1825 690 1898 Mici0,
726 1839 801 1884 cum
832 1825 901 1898 ipse
932 1825 1071 1882 evitetur
1102 1827 1134 1882 et
1165 1826 1332 1884 metuatur
1364 1826 1402 1884 ab

271 1932 464 1991 hominibus.
496 1932 638 2004 Denique
668 1929 752 1989 filius
784 1931 918 1990 dilectus
951 1931 1110 2006 Ctesipho,
1133 1947 1229 2005 quem
1251 1933 1404 2006 paternae

272 2039 456 2112 disciplinae
478 2037 641 2111 exemplar
663 2053 734 2096 esse
755 2039 815 2097 sibi
836 2039 1049 2112 persuaserat,
1073 2054 1091 2096 a
1112 2039 1230 2098 vitioso
1249 2039 1348 2097 fratre
1366 2053 1402 2099 eo

270 2146 401 2203 tantum
431 2144 534 2203 differt
563 2145 647 2217 quod
668 2145 753 2203 clam
774 2145 961 2219 committit,
984 2160 1066 2219 quae
1086 2144 1141 2203 ille
1160 2145 1278 2219 palam.
1322 2146 1402 2206 Cum

268 2253 330 2310 hae
350 2252 561 2325 cogitationes
583 2267 646 2311 uno
667 2252 823 2325 temporis
844 2253 1010 2311 momento
1030 2253 1063 2311 in
1083 2267 1158 2310 eum
1168 2253 1292 2311 irruant
1305 2253 1402 2326 atque

270 2359 488 2418 constantiam
521 2359 712 2432 percutiant,
744 2374 807 2418 non
839 2359 996 2417 miramur
1027 2374 1106 2418 sane
1132 2360 1297 2418 hominem
1319 2360 1401 2419 serio

270 2466 443 2539 dubitasse,
467 2481 507 2524 an
532 2466 621 2524 vitae
642 2465 734 2539 ratic,
757 2481 855 2538 quam
878 2465 981 2524 adbuc
1003 2467 1134 2524 secutus
1156 2467 1208 2539 sit,
1221 2466 1314 2525 unice
1324 2481 1402 2524 vera

269 2573 364 2631 esset.
387 2574 457 2631 lam
477 2573 546 2646 ipse
568 2573 667 2631 etiam
690 2572 880 2645 obsequium
901 2587 1078 2646 servorum,
1094 2571 1399 2646 filiorumamorem,

269 2680 416 2739 omniurn
437 2679 571 2752 denique
592 2679 858 2754 benevolentiam,
882 2695 962 2752 quos
984 2679 1122 2752 prudens
1143 2679 1194 2738 vel
1215 2680 1400 2753 imprudens

269 2786 408 2860 offendit,
448 2786 509 2844 sibi
548 2800 735 2860 comparare
766 2786 910 2845 conatur.
942 2786 986 2844 At
1017 2785 1084 2844 iam
1115 2786 1147 2843 in
1179 2785 1248 2858 ipso
1280 2786 1400 2844 conatu

267 2893 426 2966 intelligit,
448 2908 483 2951 se
504 2893 740 2965 quadamtenus
763 2894 888 2966 praeter
909 2893 1062 2951 naturam
1084 2907 1186 2966 agere.
1198 2893 1277 2950 Vide
1287 2908 1318 2952 u.
1330 2893 1399 2952 884.

308 2999 379 3056 lam
400 3012 484 3057 nunc
505 2999 583 3056 haec
604 2999 668 3056 tria
689 2998 829 3071 primum
852 2997 955 3055 addidi

308 3105 437 3163 Praeter
458 3105 626 3164 naturam:
651 3105 693 3179 ,O
715 3104 833 3177 noster,
856 3105 930 3177 quid
951 3103 1013 3164 fit?
1034 3105 1109 3178 quid
1130 3105 1277 3178 agitur?'’

308 3211 471 3285 Quomodo
493 3212 579 3269 enim
600 3211 649 3268 vir
671 3211 911 3285 sexagenarius
936 3211 1066 3269 etiamsi
1080 3212 1399 3271 omnesviresinten-

267 3317 363 3392 deret,
395 3318 466 3376 tam
498 3318 604 3376 subito
638 3318 783 3376 animum
815 3319 944 3376 mutare
976 3318 1073 3390 atque
1103 3333 1159 3391 pro
1192 3319 1268 3377 duro
1302 3319 1400 3392 atque
1497 3323 1500 3332 ⁴

266 3439 363 3484 saevo
385 3425 475 3484 mitis
498 3413 535 3482 ao
556 3425 697 3482 clemens
720 3425 853 3483 evadere
870 3425 1003 3498 posset?
1023 3425 1093 3484 Non
1108 3426 1215 3498 potest
1230 3425 1400 3498 derepente

266 3532 364 3589 aliam
398 3531 537 3590 indolem
572 3531 710 3605 induere,
747 3547 845 3605 quam
880 3546 934 3605 per
968 3532 1074 3590 totam
1106 3532 1210 3590 vitam
1243 3531 1397 3592 exhibuit.

264 3638 348 3696 Dum
369 3638 481 3696 tamen
501 3639 615 3696 nititur
635 3640 695 3697 hoo
713 3638 825 3713 facere,
844 3639 978 3698 modum
996 3639 1120 3697 excedit
1136 3640 1232 3711 atque
1246 3638 1398 3696 ridiculus

264 3743 309 3818 fit,
342 3744 443 3802 veluti
474 3759 548 3802 cum
575 3746 664 3804 iubet
693 3745 875 3819 maceriem,
898 3760 981 3818 quae
1002 3746 1169 3804 Sostratae
1189 3746 1397 3819 Micionisque

265 3851 358 3908 aedes
394 3851 513 3925 dividit,
546 3852 668 3910 diruere
700 3853 755 3910 aut
788 3868 862 3911 cum
893 3853 1036 3912 Micionis
1067 3853 1197 3926 nuptias
1228 3853 1396 3925 properat;

264 3957 397 4031 denique
428 3973 502 4016 cum
535 3960 653 4031 Syrum
684 3959 874 4018 manumitti
903 3960 1001 4018 iubet.
1033 3959 1152 4017 Deinde
1179 3959 1242 4016 alia
1263 3973 1313 4016 res
1336 3959 1394 4032 est,

263 4064 354 4122 cuius
378 4066 537 4124 rationem
561 4067 678 4125 habere
702 4066 864 4126 debemus.
906 4066 1062 4125 Homines
1085 4066 1124 4124 ad
1144 4065 1299 4124 invidiam
1321 4081 1398 4139 erga

263 4171 416 4256 feliciores
438 4173 578 4246 prompti
598 4174 674 4231 sunt
697 4174 794 4246 atque
814 4173 914 4246 siquis
935 4173 1031 4247 videt,
1055 4172 1147 4231 alteri
1167 4172 1271 4230 vitam
1289 4172 1395 4230 iucun-

262 4277 383 4336 diorem
402 4279 509 4351 atque
538 4280 754 4339 amoeniorem
783 4280 928 4338 evenisse
955 4294 1054 4352 quarn
1080 4280 1149 4354 sibi,
1174 4279 1322 4352 proclivis
1345 4279 1398 4336 est
