3368 5046
811 483 850 542 56

264 671 377 729 fuhren
399 670 474 728 dass
495 669 584 728 nicht
605 669 731 728 wahres
753 667 973 741 Wohlwollen,
996 668 1133 728 sondern
1155 669 1330 728 Schwache
1347 670 1397 729 die

265 775 446 835 Triebfeder
466 790 529 833 von
550 773 669 833 Micio's
690 773 838 833 Handeln
859 788 1007 847 gewesen
1028 774 1075 832 sei
1089 774 1153 831 und
1169 775 1244 832 dass
1260 775 1398 834 eskeine

264 881 371 939 Kunst
393 881 440 939 sei
461 879 520 939 auf
537 880 680 939 solchem
702 877 802 953 Wege
823 879 873 937 die
894 879 990 938 Liebe
1012 879 1143 938 anderer
1164 895 1205 938 zu
1219 880 1396 954 gewinnen.

264 989 376 1046 Indem
398 1003 434 1047 so
457 988 538 1045 auch
559 988 681 1046 Demea
702 999 741 1044 zu
763 986 886 1045 seinem
908 987 1030 1045 Rechts
1052 987 1188 1062 kommt,
1204 989 1324 1061 gendgt
1339 988 1396 1046 das

265 1094 366 1152 Stiick
376 1093 544 1152 scheinbar
559 1094 644 1152 einer
659 1093 840 1167 Fordemng
854 1091 908 1152 der
922 1092 1166 1168 Gerechtigkeit,
1181 1093 1215 1152 in
1229 1093 1397 1153 Wahrheit

265 1201 340 1260 aber
368 1201 538 1260 entrichtet
568 1215 603 1258 es
625 1201 699 1260 dem
720 1200 909 1260 Nihilismus
931 1200 1041 1258 seinen
1063 1199 1129 1259 Zoll
1150 1200 1215 1259 und
1236 1200 1397 1260 bekundct

202 1290 206 1298 ¹
264 1308 315 1366 die
344 1307 479 1381 geistige
507 1307 571 1366 und
599 1307 741 1366 sittliche
768 1306 996 1381 Erschopfung,
1026 1305 1076 1364 die
1102 1307 1396 1380 Ausgebranntheit

264 1415 319 1474 der
346 1415 423 1490 Zeit,
453 1429 512 1474 aus
541 1415 595 1473 der
623 1429 657 1472 es
679 1414 827 1488 stammt,
850 1414 918 1472 ihre
940 1414 1040 1487 ewige
1060 1411 1268 1488 Untahigkeit
1291 1415 1397 1474 Partei

264 1537 303 1579 zu
332 1521 494 1596 ergreifen,
521 1521 589 1580 ihre
609 1521 760 1580 blasierte
781 1520 926 1594 Stellung
947 1520 1113 1594 angeblich
1135 1521 1220 1594 uber,
1242 1521 1398 1579 vielmehr

264 1628 340 1686 aber
367 1630 460 1687 unter
488 1628 548 1687 den
577 1628 806 1702 Gegensatzen,
828 1627 918 1686 ihren
941 1627 1109 1687 absoluten
1132 1627 1397 1701 Skeptizismus”.

265 1735 335 1793 Iam
357 1749 526 1808 exponam,
550 1733 728 1807 quaemihi
746 1734 876 1794 obstare
892 1733 1049 1808 videntur,
1069 1733 1241 1806 quominus
1254 1734 1397 1794 Teuffelii

264 1842 460 1900 sententiam
482 1841 726 1914 amplectamur.
737 1841 820 1899 Dicit
833 1841 871 1899 de
881 1841 1015 1901 Demea:
1037 1840 1187 1915 ,Demea
1200 1841 1254 1899 der
1265 1841 1397 1900 bekehrt

263 1948 393 2008 schr'en”⁸
442 1949 485 2007 At
517 1964 616 2021 quam
647 1948 729 2006 satis
760 1948 903 2012 validam
920 1962 1069 2006 causam
1103 1948 1258 2007 adducere
1289 1949 1396 2021 potest

265 2053 446 2126 Teuii'eiius,
469 2055 505 2112 ut
527 2055 654 2112 statuat
675 2055 707 2112 in
729 2054 756 2110 V
777 2056 796 2112 4
817 2055 973 2112 Demeam
992 2053 1199 2114 simulavisse
1210 2069 1313 2127 neque
1324 2070 1398 2113 vere

264 2161 389 2220 Micioni
417 2176 534 2220 manus
563 2161 712 2222 dedisse?
752 2161 851 2233 Atqui
882 2161 944 2219 nisi
976 2161 1035 2220 hoc
1057 2161 1304 2234 demonstretur,
1326 2162 1398 2221 tota

265 2268 333 2325 eius
354 2268 556 2327 ratiocinatio
578 2268 706 2328 conuit.

305 2375 472 2434 Postremo
506 2374 617 2447 paucis
648 2375 783 2448 tangam
816 2373 962 2434 Nencinr'i
995 2374 1186 2447 opinionem,
1218 2374 1273 2447 qui
1303 2374 1397 2448 putat

263 2480 484 2554 indignantem
517 2482 614 2554 atque
645 2481 761 2540 doloris
792 2480 922 2553 plenum
954 2480 1100 2540 locutum
1133 2495 1204 2539 esse
1231 2482 1396 2554 Demeam,

264 2603 346 2660 quae
376 2588 525 2662 leguntur
558 2604 576 2646 a
607 2604 638 2648 v.
669 2588 837 2662 859-880,
867 2602 1021 2647 revocans
1049 2587 1184 2647 lectores
1214 2588 1254 2648 ad
1281 2589 1398 2648 Donati

264 2696 362 2754 verba
388 2696 422 2754 in
450 2695 577 2754 fabulae
605 2696 811 2769 argumento:
856 2695 1028 2768 ,Servatur
1050 2709 1105 2768 per
1124 2695 1232 2754 totam
1254 2694 1397 2754 fabulam

264 2801 355 2858 mitis
383 2802 474 2861 Micio
503 2801 579 2875 eqs''
605 2803 701 2861 Porro
732 2817 772 2860 ex
800 2801 829 2858 V
856 2803 885 2861 4.
907 2803 955 2861 23.
977 2802 1006 2857 V
1027 2802 1055 2862 8.
1077 2803 1116 2860 35
1130 2799 1149 2872 ¹)
1172 2800 1266 2860 efficit
1287 2817 1316 2875 p.
1340 2803 1398 2861 143

266 2923 347 2982 ,non
375 2909 545 2981 pristinam
573 2909 700 2968 vivendi
724 2909 883 2969 rationem
906 2909 1049 2967 deserere
1069 2909 1234 2982 Demeam,
1257 2909 1313 2967 sed
1334 2923 1399 2982 per-

264 3016 360 3088 petuo
392 3016 453 3074 sibi
484 3017 632 3075 constare
663 3017 760 3089 atque
790 3016 943 3074 instituta
975 3015 1108 3088 antiqua
1136 3016 1295 3075 servare”.
1338 3015 1398 3074 Sed
1470 3061 1472 3074 .

264 3122 475 3180 manifestum
497 3123 547 3181 est
568 3124 627 3182 hos
647 3121 735 3182 locos
758 3122 850 3181 aliter
871 3122 1023 3196 explicari
1040 3137 1143 3196 posse,
1159 3123 1260 3182 immo
1276 3123 1397 3182 debere.

264 3230 353 3288 Inest
384 3244 463 3288 sane
493 3230 526 3289 in
547 3230 597 3287 his
619 3229 765 3289 versibus
789 3230 895 3303 aliqua
916 3230 1036 3288 invidia
1058 3230 1090 3288 et
1112 3231 1260 3303 apertum
1278 3229 1398 3303 vitupe

264 3336 348 3394 rium
370 3351 490 3410 eorum,
506 3337 560 3409 qui
575 3337 726 3409 obsequio
742 3337 865 3396 amicos
880 3328 1080 3410 comparant.
1103 3337 1163 3395 Sed
1178 3336 1253 3409 quid
1267 3336 1396 3409 mimm,
1419 3401 1421 3406 ,

264 3443 292 3500 si
319 3443 439 3502 invidia
466 3443 589 3502 homini
614 3444 727 3503 oborta
749 3444 798 3502 est
821 3459 896 3517 erga
918 3443 1061 3517 fratrem,
1085 3459 1160 3502 cum
1181 3443 1273 3501 illum
1295 3443 1397 3503 dando

265 3550 297 3608 et
326 3550 526 3623 obsequendo
556 3551 596 3608 ab
620 3551 775 3627 omnibus
803 3551 889 3624 diligi
919 3551 1199 3624 animadverteret,
1226 3565 1262 3608 se
1290 3550 1398 3623 ipsum

299 3681 318 3746 1)
356 3685 427 3752 Age,
446 3696 501 3750 age
518 3684 656 3738 nunciam
674 3683 858 3751 experiamur
876 3683 987 3748 contra,
1005 3682 1106 3750 ecquid
1124 3695 1179 3749 ego
1197 3680 1325 3749 possiem

349 3771 460 3826 Blande
478 3772 572 3827 dicere
590 3774 642 3826 aut
660 3772 784 3856 benigne
802 3771 905 3841 facere,
926 3771 1041 3840 quando
1059 3771 1116 3826 hoc
1133 3773 1282 3839 provocat.

351 3859 412 3927 ugo
431 3875 546 3928 quoque
564 3876 582 3915 a
600 3862 673 3916 meis
691 3875 739 3916 me
758 3862 849 3916 amari
868 3863 899 3915 et
916 3861 1016 3928 magni
1034 3861 1120 3928 pendi
1138 3859 1269 3928 postulo:

352 3949 382 4004 Si
399 3949 427 4004 id
445 3949 479 4004 fit
497 3951 590 4005 dando
609 3951 697 4034 atque
718 3950 912 4018 obsequendo,
931 3962 991 4004 non
1009 3949 1184 4017 posteriores
1202 3947 1303 4004 seram.

351 4198 410 4255 Suo
428 4199 483 4255 sibi
502 4199 596 4267 gladio
614 4199 694 4256 hunc
712 4199 819 4267 iugulo.
