3368 5046
836 535 876 593 80

289 722 448 780 usitatam
474 735 546 779 esse
576 735 679 793 neque
710 720 882 794 quicquam
915 719 1116 781 desiderari.’'
1149 721 1194 782 of.
1227 723 1364 782 eundem
1386 725 1425 783 ad

289 844 320 888 v.
343 828 411 889 149.
434 828 501 888 790.

330 935 418 1010 Quae
448 949 488 993 ex
520 934 782 1008 Harpocrationis
814 934 934 993 scholio
957 931 1069 1008 effecit,
1093 935 1239 1008 speciosa
1260 938 1346 1012 sunt,
1369 938 1447 996 sed

290 1042 520 1102 obiectionibus
552 1042 769 1114 compluribus
801 1041 950 1100 obnoxia.
983 1041 1114 1116 Quando
1146 1043 1207 1102 hoc
1228 1044 1425 1116 promissum

290 1149 428 1208 dedisset
461 1148 574 1208 Simo?
603 1148 686 1206 Viva
717 1148 817 1206 etiam
850 1147 1003 1220 Chryside
1034 1148 1138 1221 puella
1164 1150 1340 1222 patrocinio
1361 1166 1425 1210 non

289 1255 467 1329 indigebat3
489 1256 619 1314 mortua
638 1255 706 1313 iam
718 1255 915 1314 consuetudo
928 1253 996 1313 eius
1007 1269 1083 1313 cum
1095 1256 1261 1329 Pamphilo
1273 1257 1424 1317 continuo

288 1360 472 1436 patefiebat.
510 1362 610 1421 Estne
630 1376 722 1434 porro
743 1361 918 1420 verisimile
939 1362 1144 1436 Pamphilum
1164 1363 1236 1420 tarn
1256 1363 1424 1423 incautum

290 1469 398 1543 fuisse,
410 1470 447 1527 ut
457 1468 685 1527 intercessione
695 1483 751 1542 pro
763 1468 908 1540 Glycerio
920 1469 1135 1542 suspicionem
1146 1469 1247 1543 patris
1258 1471 1425 1530 moveret?

290 1576 377 1651 Quae
409 1590 507 1634 causa
539 1575 672 1648 denique
703 1575 828 1633 induxit
862 1575 1057 1649 Terentium,
1079 1576 1116 1634 ut
1137 1577 1216 1634 haec
1237 1577 1426 1637 omitteret?

329 1684 400 1743 Non
429 1683 534 1756 magis
566 1683 646 1741 mihi
676 1682 832 1756 probavit,
865 1697 947 1755 quae
978 1683 1012 1740 in
1042 1681 1105 1741 fine
1126 1683 1216 1743 dixit.
1260 1684 1424 1759 Quomodo

290 1790 410 1849 funeris
441 1789 624 1848 narratione
656 1803 763 1847 carere
793 1791 992 1862 possumus?
1023 1790 1161 1850 Omnino
1193 1806 1273 1864 opus
1302 1791 1424 1850 eratin

290 1898 427 1970 utraque
457 1896 567 1954 fabula
598 1896 727 1954 edocere
757 1896 964 1970 spectatores,
990 1911 1088 1969 quare
1111 1897 1182 1955 tam
1205 1897 1302 1971 Simo,
1325 1912 1424 1970 quam

291 2018 381 2062 socer
412 2003 539 2060 iuturus
572 2003 723 2062 Chremes
754 2003 873 2062 bonam
906 2003 1182 2062 existimationem
1207 2004 1247 2062 de
1267 2004 1425 2077 Pamphili

290 2109 395 2169 indole
419 2109 595 2168 amiserint.
618 2109 697 2183 Quid
719 2109 830 2167 eutem
851 2108 912 2167 sibi
933 2109 1032 2168 velint
1054 2110 1152 2168 verba
1166 2110 1425 2169 ultimasubobs·

291 2231 405 2275 curum
427 2216 485 2275 est.
508 2216 628 2290 Quibus
649 2216 728 2274 nota
746 2216 837 2274 erant
854 2215 1008 2288 ,Glycerii
1024 2216 1134 2275 amor’'
1150 2217 1182 2274 et
1199 2216 1425 2291 „Philumenae

291 2323 463 2397 sponsio?'’
501 2323 594 2383 Certe
623 2338 687 2382 non
719 2322 963 2395 spectatoribus
1007 2323 1040 2380 Si
1070 2322 1223 2382 Nencinio
1255 2324 1423 2397 credimus,

290 2431 370 2488 haec
403 2444 480 2504 ,suo
512 2429 649 2502 quidque
679 2429 748 2488 loco
781 2429 820 2487 ab
854 2429 924 2487 aliis
955 2430 1099 2502 personis
1130 2429 1221 2503 tangi
1247 2430 1423 2504 potuisse,”

292 2537 436 2610 sequitur
456 2537 488 2595 in
510 2536 718 2609 sequentibus
736 2550 862 2608 quoque
882 2551 945 2594 non
960 2536 1007 2594 ita
1021 2550 1092 2594 raro
1108 2535 1246 2594 Andriae
1260 2536 1424 2610 exemplar

291 2644 470 2703 deseruisse
491 2643 687 2713 Terentium,
719 2643 810 2701 cuius
831 2643 877 2700 rei
897 2643 1035 2716 vestigia
1056 2643 1144 2701 nulla
1165 2643 1370 2716 suppeditent
1391 2643 1424 2700 in

290 2751 408 2810 Donati
429 2751 672 2810 commentario.

331 2858 430 2916 Recte
453 2873 529 2916 vero
551 2857 626 2916 dicit
647 2873 677 2930 p.
700 2858 753 2917 28:
778 2858 968 2931 ,Summam
990 2856 1144 2916 orationis
1166 2856 1252 2915 senis
1277 2855 1424 2914 versibus

292 2964 430 3022 128-44
450 2964 602 3038 inclusae,
624 2964 658 3022 in
679 2963 816 3035 utraque
836 2977 952 3036 graeca
972 2962 1113 3036 profecto
1136 2962 1236 3020 fuisse
1257 2963 1288 3020 et
1309 2962 1424 3020 iisdem

290 3084 392 3144 paene
418 3070 524 3128 verbis
553 3070 738 3130 exaratam:
785 3084 860 3127 cum
899 3069 984 3128 enim
1020 3068 1126 3128 simile
1150 3069 1317 3142 utriusque
1338 3069 1424 3126 esset

292 3176 529 3251 argumentum,
562 3175 670 3235 debuit
696 3176 729 3234 in
750 3176 887 3248 utraque
914 3175 996 3235 ratio
1025 3173 1206 3248 significari,
1239 3190 1303 3248 qua
1324 3189 1424 3233 senex

290 3281 393 3341 filium
428 3283 593 3356 explorare
626 3281 853 3341 instituisset.”
895 3281 962 3356 Quo
997 3280 1102 3354 magis
1137 3282 1247 3340 mirari
1282 3296 1339 3354 par
1374 3281 1424 3338 est

291 3390 481 3449 Nencinium
504 3404 550 3464 ea,
573 3404 655 3462 quae
669 3389 862 3462 praecedunt
876 3404 907 3449 v.
924 3389 1064 3448 128-144
1077 3401 1222 3461 quaeque
1237 3403 1300 3447 non
1315 3387 1424 3446 minus

291 3497 510 3556 necessarium
532 3497 600 3555 erat
616 3496 725 3554 audire
738 3496 946 3570 spectatores
963 3496 1002 3555 ab
1018 3495 1138 3553 Andria
1152 3510 1197 3568 gr.
1214 3494 1424 3553 abiudicasse.

312 3603 349 3662 In
369 3604 556 3662 universum
579 3603 678 3661 etiam
700 3603 812 3662 contra
833 3602 1030 3676 suspiciones
1051 3602 1134 3660 tales
1152 3601 1349 3661 monendum
1364 3601 1423 3675 est,

291 3710 422 3784 poetam
451 3726 517 3770 non
544 3711 675 3768 tantum
696 3709 903 3784 praemittere
923 3709 1099 3783 prologum,
1121 3709 1158 3766 ut
1180 3708 1267 3767 iacta
1287 3707 1372 3766 nude
1392 3707 1424 3766 et

293 3832 391 3890 quam
426 3817 616 3875 brevissime
649 3817 766 3890 narret,
809 3816 865 3873 sed
901 3816 1001 3874 etiam
1035 3816 1072 3873 ut
1104 3829 1210 3874 mores
1239 3814 1427 3886 indolesquc

292 3924 527 3997 cognoscantur
559 3938 678 3998 eorum,
712 3937 792 3996 quos
822 3938 901 3983 mox
921 3922 955 3981 in
976 3937 1109 3982 scenam
1130 3921 1342 3996 producturus
1363 3921 1425 3979 est.
