3368 5046
843 527 881 585 69

293 714 431 788 effligere
451 713 605 787 nitantur,
627 712 695 771 suis
717 712 838 772 viribus
853 712 935 772 freti.
958 712 1067 788 Quivis
1081 712 1169 771 videt
1183 714 1263 773 haec
1278 716 1409 786 accurat

292 821 482 894 respondere
501 835 532 880 V.
554 821 602 894 59,
624 835 723 894 supra
736 819 877 879 laudato.
890 819 986 879 Porro
997 819 1125 878 disertis
1135 819 1242 879 verbis
1253 821 1430 881 scholiasta

294 927 456 988 enuntiat:
481 927 596 1002 „habet
616 927 701 984 huno
722 940 856 984 sensum
877 926 909 984 et
932 926 994 998 S.'’‚
1017 927 1101 985 unde
1122 924 1323 986 efficiendum
1344 927 1430 990 idem

293 1034 358 1093 fere
387 1034 489 1092 latere
514 1033 548 1091 in
576 1033 693 1091 litteris
721 1032 854 1106 graecis
884 1032 946 1090 nisi
974 1047 1029 1106 per
1057 1032 1276 1092 coniecturam
1300 1049 1429 1107 prorsus

293 1141 450 1200 incertam
470 1140 622 1198 lacunam
644 1139 788 1198 statuere
808 1138 888 1196 velis
910 1140 986 1196 ante
1008 1139 1153 1213 „habet”.
1175 1139 1319 1198 Nencinii
1341 1156 1430 1214 argu·

293 1248 405 1306 menta
436 1247 548 1320 utique
577 1246 743 1304 levissima
774 1246 860 1306 sunt.
892 1245 930 1304 In
960 1245 1030 1307 1010
1061 1245 1115 1306 1110
1144 1245 1300 1319 colloquio
1329 1247 1382 1308 IV.
1411 1250 1429 1308 5

293 1353 385 1414 Micio
412 1369 476 1414 non
506 1353 647 1426 loquitur
669 1353 707 1411 de
726 1352 847 1426 nuptiis
868 1352 956 1426 ipsis
977 1352 1034 1411 sed
1055 1352 1093 1410 de
1113 1353 1264 1411 Aeschini
1284 1353 1429 1413 socordm

290 1461 392 1534 atque
421 1460 553 1520 incuria
582 1460 628 1518 De
655 1475 715 1519 suo
743 1457 837 1518 finxit
865 1458 1037 1517 Nencinius
1059 1459 1184 1533 puellae
1204 1460 1429 1534 paupertatem

293 1567 425 1626 tantum
448 1567 569 1640 nuptiis
591 1567 720 1626 obstare
741 1567 894 1639 potuisse.
916 1566 1028 1625 Nonne
1048 1566 1184 1625 Athenis
1204 1565 1274 1640 lege
1294 1567 1428 1626 cautum

293 1674 372 1748 erat,
404 1674 441 1732 ut
471 1674 509 1748 is,
541 1673 595 1747 qui
628 1673 769 1747 puellam
800 1673 994 1746 corrupisset
1021 1673 1165 1747 liberam,
1195 1688 1269 1732 eam
1293 1689 1428 1733 uxorem

293 1781 446 1840 duceret?
472 1781 623 1853 Denique,
650 1780 734 1854 quod
754 1780 926 1839 Nencinius
948 1779 1023 1838 dicit
1047 1780 1098 1854 „in
1118 1779 1302 1840 huiusmodi
1322 1781 1428 1839 verbis

293 1887 390 1946 nimis
411 1888 524 1960 utpote
544 1887 713 1961 insolitis”,
732 1902 847 1960 parum
861 1886 1041 1961 respexisse
1056 1886 1135 1945 mihi
1149 1886 1275 1946 videtur
1286 1887 1428 1947 Micionis

291 1995 419 2068 largum
441 1995 538 2068 atque
557 1994 688 2053 liberale
708 1995 881 2068 ingenium.

326 2101 425 2160 Hisce
434 2101 605 2174 pensitatis
616 2101 822 2159 tutissimum
833 2101 913 2160 mihi
923 2101 1031 2159 visum
1044 2101 1093 2158 est
1101 2100 1260 2161 scholium
1266 2101 1428 2160 intactum

293 2208 483 2281 relinquere;
505 2223 583 2266 nam
605 2222 668 2266 non
689 2207 790 2282 video,
813 2208 972 2280 quomodo
995 2207 1148 2266 alitteris
1167 2207 1289 2280 graecis
1304 2209 1428 2266 senten·

291 2314 339 2373 tia
361 2315 430 2373 elici
451 2315 563 2389 possit,
588 2330 607 2373 a
628 2314 739 2373 latinis
760 2330 824 2374 non
846 2316 975 2376 omnino
997 2315 1132 2375 diversa.

335 2423 566 2495 Fragmentum
587 2422 644 2482 XI.

505 2526 582 2589 ὀκτώ
606 2549 654 2600 τις
678 2523 807 2605 ὑποχεῖν
830 2525 948 2602 οὶνεβόοο
972 2530 1026 2589 καὶ
1050 2526 1165 2590 δώδεκα

506 2630 653 2706 κυάθους,
678 2627 732 2703 ἕως
756 2630 919 2696 κατέσεισε
942 2636 1212 2712 φιλοτιμούμενος.

293 2741 333 2799 ab
355 2741 522 2801 Athenaeo
544 2742 712 2800 servatum
733 2755 809 2800 cum
830 2740 958 2800 fabulae
979 2741 1117 2814 nomine,
1139 2740 1426 2814 Grauertusp.142

294 2848 334 2906 ad
364 2847 515 2908 Aeschini
544 2863 659 2907 cenam
685 2848 820 2921 rettulit,
846 2848 1138 2907 commemoratam
1159 2847 1183 2907 1.
1206 2847 1243 2921 1.,
1266 2861 1328 2920 quo
1349 2846 1427 2904 nihil

292 2955 454 3015 incertius.
486 2956 524 3014 ln
554 2955 667 3014 nostra
699 2954 808 3013 fabula
840 2969 965 3027 quoque
994 2954 1084 3014 locus
1113 2969 1184 3012 esse
1211 2953 1318 3028 potest
1339 2952 1376 3013 V.
1399 2954 1426 3013 1.

287 3059 413 3150 ‘Verum
454 3075 554 3135 paene
595 3061 720 3120 certum
762 3061 821 3135 est,
865 3060 1058 3120 Schoellium
1099 3061 1185 3119 recte
1222 3074 1428 3134 comparasse

293 3167 394 3226 Stichi
415 3184 445 3228 v.
468 3169 536 3228 706.

332 3275 378 3333 De
400 3274 580 3347 fragmento
601 3275 674 3350 XII,
697 3275 748 3334 oui
770 3275 898 3334 fabulae
917 3290 1036 3334 nomen
1058 3274 1282 3348 auditumst,

672 3378 765 3442 Κοινοὶ
789 3379 831 3442 τοὶ
854 3386 916 3442 τῶν
939 3380 1052 3464 φίλων,

293 3488 325 3546 01
347 3487 529 3561 fragmento
550 3489 640 3562 XIII,
662 3489 732 3548 sine
754 3489 882 3548 fabulae
902 3489 1033 3549 nomine
1053 3489 1192 3562 servato,

496 3592 580 3668 ’aya
604 3592 785 3671 δὀὶγροῖκος,
809 3591 956 3670 ἐργάτης,
982 3591 1124 3672 σκοθρὸς,
1150 3595 1267 3671 πικρός,

495 3693 654 3785 φειδωλός.

292 3805 450 3866 dubitatio
481 3806 569 3866 nulla
600 3807 675 3867 oriri
705 3809 829 3882 potest;
872 3809 1010 3882 pertinet
1053 3824 1155 3867 unum
1188 3807 1227 3867 ad
1258 3806 1286 3863 V
1317 3809 1345 3867 3.
1378 3806 1425 3880 17,

295 3914 433 3972 alterum
456 3915 495 3972 ad
515 3915 544 3972 V
565 3916 594 3973 4.
617 3916 665 3974 12.

332 4021 526 4093 Fragmento
548 4021 683 4095 denique
703 4022 788 4096 XIV,
811 4021 895 4095 quod
917 4037 957 4081 ex
979 4021 1131 4095 Adelphis
1149 4019 1284 4078 fluxisse
1302 4019 1426 4092 dicitur,

515 4121 587 4194 θεός
611 4126 677 4189 ἕστο
701 4132 767 4199 τοῖς
789 4131 937 4206 χρηστοῖς
959 4126 1007 4189 atsi

514 4230 528 4294 ὃ
554 4240 615 4306 νοῦς
638 4231 713 4313 γάρ,
739 4233 777 4306 ὡς
802 4230 906 4304 ἔοικεν,
932 4225 953 4296 ὦ
978 4231 1165 4312 σοφώτατοι.
