3368 5046
835 531 874 589 76

286 720 347 778 etsi
391 732 596 792 nequaquam
638 716 795 776 contendo
835 715 949 776 liberto
984 715 1115 777 omnino
1149 731 1212 777 non
1247 717 1425 779 convenire.

286 826 331 886 cf.
366 825 485 885 iil—3
517 824 617 884 Recte
647 823 760 898 putas:
792 822 877 881 Nam
908 823 937 881 si
961 822 1053 882 illum
1082 822 1239 897 obiurges,
1261 825 1350 884 vitae
1371 825 1425 897 qui

287 932 446 991 auxilium
466 930 552 1003 tulit,
574 929 654 1005 Quid
675 929 773 988 iacies
794 928 848 1003 1111,
872 929 926 1001 qui
944 929 1029 988 dedit
1041 929 1197 988 damnum
1210 931 1266 988 aut
1277 930 1427 992 malum?

285 1055 316 1098 v.
346 1039 404 1097 149
431 1038 502 1096 Non
529 1037 567 1094 tu
594 1036 638 1094 ibi
662 1036 822 1110 gnatum?
847 1049 877 1091 v.
908 1036 967 1094 150
994 1035 1053 1111 Qui
1082 1036 1183 1096 aedo?
1209 1052 1240 1096 v,
1277 1037 1336 1096 154
1367 1037 1426 1113 Qui

285 1145 383 1218 igitur
405 1144 536 1203 relictus
560 1144 610 1202 est
632 1142 819 1216 obiurgandi
840 1142 954 1202 loeus?

327 1251 470 1311 Simonis
505 1251 604 1309 verba
638 1249 755 1308 ultima
791 1264 810 1306 a
844 1263 875 1309 v.
912 1249 970 1308 168
1005 1249 1036 1306 et
1073 1249 1113 1308 ad
1144 1249 1296 1308 libertum
1326 1251 1358 1308 et
1386 1251 1426 1309 ad

286 1373 422 1418 uxorem
450 1357 558 1415 referri
587 1356 733 1430 possunt.
774 1355 938 1428 Imprimis
959 1355 1036 1413 illud
1060 1355 1253 1430 „adsimules
1275 1357 1425 1431 nuptias”

287 1464 527 1524 matrifamilias
543 1464 665 1538 optime
674 1463 832 1536 imperare
842 1463 947 1537 potuit
959 1476 1068 1522 senex.
1080 1463 1127 1521 De
1137 1463 1243 1522 verbis
1254 1464 1426 1532 „observes

287 1570 398 1645 11111111,
421 1570 501 1647 Quid
523 1571 608 1644 agat,
631 1569 705 1643 quid
727 1569 1426 1643 11111110001111011111”(1111111101111

287 1679 398 1738 utrum
428 1693 445 1736 e
474 1677 637 1736 Perinthia
662 1677 832 1749 desumpta
853 1677 918 1736 sint
941 1691 983 1734 an
1004 1691 1024 1734 a
1046 1676 1195 1736 Terentio
1215 1677 1285 1751 ipso
1309 1677 1427 1736 addita.

327 1784 453 1844 Horum
475 1784 503 1842 si
521 1798 689 1842 summam
704 1783 802 1856 duola,
819 1784 950 1856 apparet
966 1782 1179 1842 differentiam
1193 1782 1278 1842 inber
1289 1783 1428 1842 Andriae

288 1892 302 1949 l
335 1891 362 1950 1.
395 1890 427 1948 11
459 1890 657 1948 Perinthiam
688 1889 793 1948 levem
826 1889 942 1961 fuisse;
970 1904 1035 1952 non
1057 1903 1129 1947 esse
1151 1904 1234 1963 ergo,
1258 1889 1429 1949 111101111-

288 1997 412 2055 sionem
434 1996 543 2069 capias
565 2011 583 2055 1
603 1995 724 2055 soholio
746 2011 762 2054 c
784 1995 875 2055 adv.
899 1996 946 2069 13,
969 1995 1023 2053 ubi
1046 1995 1161 2053 dicitur
1179 2010 1279 2054 senex
1293 1995 1339 2054 iia
1354 2011 1429 2054 oum

290 2117 392 2162 uxore
413 2103 542 2162 locutus
564 2117 644 2176 esse,
667 2106 702 2161 ul
724 2117 799 2160 oum
821 2102 945 2162 liberte.

329 2211 400 2268 Iam
439 2209 540 2269 oritur
577 2209 733 2283 quaestio,
766 2224 822 2267 our
855 2209 1026 2268 Terentius
1058 2209 1227 2268 matronae
1257 2224 1429 2282 personam

289 2331 420 2376 servare
430 2316 577 2377 noluerit.
590 2317 650 2375 Hic
661 2331 774 2375 verum
785 2316 905 2374 vidisse
916 2317 996 2376 mihi
1005 2316 1132 2374 videtur
1143 2315 1329 2376 Duebnerua
1335 2317 1354 2375 J
1356 2317 1428 2376 ahn.

289 2426 371 2484 Ann.
395 2439 423 2484 a.
446 2423 525 2483 1834
545 2439 574 2496 p.
597 2425 644 2497 32,
668 2438 802 2482 oausam
823 2423 897 2482 inda
911 2424 1067 2496 repetens
1081 2423 1429 2496 quodaRomanorum

245 2597 248 2602 ,
289 2531 434 2592 moribus
468 2530 659 2590 abhorrebat
691 2531 877 2589 matronam
909 2528 965 2589 filii
996 2531 1083 2589 faeta
1108 2544 1279 2602 moresque
1299 2544 1429 2604 prorsus

288 2638 444 2711 ignorare.
477 2637 616 2697 Probent
638 2637 698 2696 hoo
720 2636 832 2695 lhnius
853 2653 883 2709 p.
906 2637 944 2695 12
967 2637 999 2694 et
1020 2635 1175 2695 Dniatzko
1196 2636 1236 2696 M.
1259 2637 1297 2695 R.
1319 2652 1349 2709 p.
1371 2637 1430 2695 249

290 2747 356 2804 not.
389 2745 416 2817 1,
445 2744 499 2816 qui
528 2744 628 2802 etiam
658 2743 762 2803 addit:
794 2743 932 2818 „Zudem
954 2743 1084 2801 mochte
1106 2743 1227 2801 Teroua
1250 2742 1429 2816 uberhaupt

289 2851 458 2909 Bedenken
485 2851 608 2924 tragen,
638 2850 688 2908 die
715 2851 834 2909 Mutter
863 2851 917 2909 der
945 2850 1173 2923 Hauptperson
1195 2849 1242 2907 als
1267 2845 1424 2924 πρόσωπον

293 2951 476 3030 1111111111
500 2970 540 3013 zu
561 2955 780 3015 verwenden”.
803 2956 1007 3028 spectatores
1026 2954 1207 3014 necessario
1220 2955 1331 3014 mirari
1342 2955 1430 3014 deba

290 3061 379 3135 bant,
414 3060 443 3118 si
478 3062 636 3135 Pamphili
670 3063 776 3120 mater
810 3061 902 3120 initio
934 3061 1062 3120 fabulae
1092 3061 1283 3135 procederet,
1317 3061 1430 3134 postea

290 3182 455 3240 nusquam
476 3169 651 3241 vestigium
673 3169 741 3227 eins
765 3183 924 3241 apparere.

330 3273 385 3334 Fr.
420 3273 581 3348 Komplaa
616 3275 714 3333 aliam
749 3275 914 3349 proposuit
947 3275 1205 3348 explicationem.
1237 3274 1317 3332 Vide
1339 3289 1369 3346 p.
1402 3275 1429 3333 7.

294 3381 373 3456 „Der
403 3381 511 3441 Grund
544 3381 597 3439 der
630 3381 973 3456 Personenaenderung
999 3397 1063 3441 von
1093 3381 1201 3440 Seiten
1230 3381 1285 3439 des
1310 3381 1430 3440 'Perenz

292 3488 416 3546 soheint
438 3502 499 3546 uns
521 3488 611 3546 dan'n
633 3503 673 3546 zu
694 3488 805 3562 hegen,
829 3488 905 3546 dass
927 3488 981 3546 der
1003 3488 1182 3548 roemische
1195 3487 1324 3547 Dichter
1335 3500 1431 3560 sogar

294 3595 354 3654 den
372 3594 473 3668 Sosia,
493 3594 561 3654 also
581 3591 807 3670 dasrrpo'ourrov
825 3590 1431 3670 1111111111Β111011011111Η11111-

292 3699 370 3772 lnng
401 3700 511 3758 setzen
542 3700 652 3760 wollte
683 3701 832 3775 daduroh,
865 3700 940 3758 dass
967 3701 1163 3760 Γ1111111111
1185 3699 1232 3757 als
1254 3698 1430 3771 Auipassar

293 3806 390 3864 ueber
416 3807 526 3864 Davus
554 3807 619 3866 und
648 3808 834 3881 Pamphilus
862 3822 927 3866 von
956 3807 1045 3866 Simo
1070 3806 1224 3866 bestellen
1245 3805 1356 3878 laesst,
1381 3803 1431 3862 ein

293 3911 439 3986 Austrag,
476 3928 516 3971 zu
548 3914 622 3972 dem
653 3914 723 3972 eine
757 3915 848 3988 Fran,
881 3914 1055 3974 besonders
1087 3913 1156 3972 eine
1186 3912 1314 3985 Mulier,
1346 3909 1432 3970 wohl

293 4019 382 4078 nicht
403 4033 440 4079 so
460 4020 557 4079 leioht
579 4021 759 4080 brauohbar
781 4021 967 4080 ersohianen
987 4021 1123 4081 waere”.

335 4127 451 4186 Obstat
478 4127 600 4202 tamen,
619 4129 792 4202 quominus
811 4128 941 4202 Kampii
963 4127 1144 4186 sententiae
1165 4125 1326 4199 accedam,
1348 4121 1433 4198 quod

296 4233 407 4293 Sosiae
437 4235 545 4308 partes
565 4235 674 4294 nullae
694 4236 770 4293 sunt
791 4235 824 4293 in
845 4235 967 4308 reliqua
988 4233 1106 4294 fabula.
1128 4231 1325 4294 observandi
1346 4231 1433 4290 enim
