3386 5046
843 534 881 591 47

334 721 422 780 Haec
441 720 604 794 reputanti
621 720 649 778 N
652 719 766 778 enoinii
778 719 883 792 opinio
895 719 974 776 mihi
986 733 1116 792 prorsus
1128 719 1285 777 reicienda
1296 719 1431 778 videtur.

294 829 431 889 Omnino
467 842 582 901 parurn
613 825 704 899 plene
736 826 768 884 51
800 825 965 898 perspicue
996 827 1106 884 mente
1137 826 1198 884 sibi
1228 826 1432 899 proposuisse

293 935 428 1008 videtur,
451 933 555 1007 qualis
578 933 661 1007 apud
683 933 893 991 Menandrum
915 932 1057 991 condicio
1081 947 1189 990 rerum
1211 933 1320 991 futura
1335 934 1430 1007 esset,

294 1043 322 1098 si
339 1041 538 1100 mutationes
558 1040 597 1098 ab
613 1040 682 1113 ipso
696 1040 878 1113 propositae
888 1038 1123 1099 inducerentur.
1146 1039 1289 1098 Tantum
1301 1054 1431 1112 operam

294 1148 388 1222 (151111,
418 1148 454 1205 ut
482 1146 651 1206 molestias
669 1147 779 1220 ‚atque
807 1145 1007 1216 offensiones
1038 1161 1120 1218 quae
1147 1146 1210 1219 ipsi
1230 1146 1430 1219 videbantur,

293 1254 421 1326 vitaret,
444 1267 577 1312 securus
599 1269 640 1311 an
661 1253 694 1310 in
716 1253 879 1325 graviores
901 1252 1062 1312 incideret.

334 1362 371 1419 In
398 1361 447 1434 115,
473 1375 560 1433 ,quae
588 1360 776 1432 sequuntur,
804 1357 876 1416 finis
906 1373 1022 1416 scenae
1050 1358 1076 1414 V
1105 1361 1123 1417 3
1155 1359 1202 1416 ita
1224 1361 1431 1433 comparatus
1507 1361 1512 1368 '

295 1469 353 1541 est,
373 1468 409 1525 ut
427 1466 581 1525 Dniatzko
600 1481 792 1539 persuasum
810 1466 872 1524 sibi
889 1466 1030 1538 haberet,
1051 1465 1238 1524 Terentium
1255 1465 1318 1524 illic
1329 1482 1360 1525 v.
1372 1468 1431 1525 854

294 1574 458 1646 exemplar
486 1588 638 1646 graecum
666 1573 853 1632 deseruisse.
876 1572 1002 1632 51111.
1024 1572 1103 1630 Einl.
1126 1589 1154 1646 p.
1177 1575 1205 1632 4.
1249 1574 1322 1644 „Ich
1344 1573 1431 1630 kann

294 1681 414 1739 freilioh
444 1680 533 1739 nicht
565 1676 744 1753 verhehlen,
775 1679 851 1737 dass
880 1679 1049 1737 Menander
1070 1680 1144 1737 sehr
1166 1679 1430 1737 wahrscheinlioh

294 1789 354 1846 den
378 1789 499 1845 Demea
527 1788 610 1845 nach
637 1787 665 1842 V
693 1801 738 1846 sc.
767 1787 871 1849 311151
892 1786 1035 1859 vulgata)
1059 1802 1116 1859 gar
1138 1786 1226 1844 nicht
1248 1787 1297 1844 die
1318 1787 1430 1845 Biihne

292 1895 456 1953 verlassen
487 1895 573 1954 liess.
605 1895 673 1952 Den
706 1895 807 1966 syrus
839 1894 896 1952 hat
929 1909 962 1950 er
984 1894 1125 1952 namlich
1146 1893 1193 1951 im
1215 1893 1326 1951 Hense
1348 1895 1430 1952 auch

293 2002 381 2060 nicht
402 2003 540 2074 gesehen
562 2001 603 2065 (S.
626 2017 656 2060 v.
678 2002 746 2071 883)
769 2001 833 2058 und
855 2016 895 2058 zu
917 2000 1073 2058 walchem.
1091 2000 1225 2058 Zweclre
1247 2015 1279 2057 er
1297 2000 1325 2056 V
1343 2015 1387 2060 sc.
1410 2003 1430 2059 4

294 2108 348 2171 (sc.
371 2109 387 2166 1
412 2107 525 2178 Fleck.)
547 2107 663 2165 wieder
686 2122 744 2165 aus
767 2107 839 2165 dem
862 2107 973 2164 Hause
995 2107 1049 2164 des
1072 2107 1209 2165 Bruders
1227 2108 1428 2180 heraustritt,

292 2215 337 2274 ist
368 2215 429 2273 mit
461 2215 588 2272 keinem
610 2214 722 2273 Worte
744 2215 927 2287 angegeben
949 2215 1013 2272 und
1033 2230 1090 2272 um
1112 2229 1148 2273 so
1172 2213 1357 2288 auhblligen
1380 2214 1428 2276 als

294 2336 327 2379 er
347 2337 378 2381 v.
399 2323 458 2380 882
479 2321 595 2379 wieder
617 2321 868 2394 zuri'rckgerufen
889 2321 999 2380 wird'.

333 2429 535 2501 Argumenta
575 2429 694 2500 autern,
733 2428 848 2500 quibus
885 2427 1066 2502 opinionem
1098 2442 1193 2485 suam
1225 2428 1428 2487 corroborare

293 2535 426 2608 studuit,
448 2550 564 2608 parum
589 2533 683 2592 firma
704 2534 860 2592 videntur.
885 2532 991 2592 Efficit
1014 2549 1074 2593 511.
1087 2535 1257 2592 88351901
1271 2534 1427 2592 Demeam

293 2657 356 2700 non
388 2642 464 2699 ante
495 2637 717 2714 conspicatum
750 2656 821 2699 esse
852 2641 1051 2699 Aeschinum
1083 2641 1114 2698 et
1148 2642 1275 2714 Syrum,
1312 2641 1366 2712 qui
1396 2641 1428 2698 id

292 2748 446 2821 temporis
468 2748 556 2806 intus
579 2748 679 2822 erant,
702 2748 785 2806 unde
807 2748 835 2806 51
856 2748 1036 2806 5555555115
1059 2748 1149 2821 sequi
1170 2747 1296 2805 videtur
1316 2762 1428 2806 senem

292 2855 434 2913 Micionis
457 2854 551 2912 aedes
573 2870 637 2914 non
657 2855 806 2914 intrasse.
849 2855 948 2913 Recte
969 2855 1081 2914 contra
1102 2855 1181 2912 haec
1203 2854 1328 2912 monuit
1349 2855 1429 2912 Nen-

294 2961 394 3018 cinius
426 2977 455 3034 p.
493 2962 550 3020 142
578 2962 648 3021 not.
663 2989 666 2995 ·
682 2963 708 3034 1,
737 2961 892 3020 ironicam
922 2976 993 3019 esse
1014 2961 1256 3020 salutationem.
1279 2961 1428 3020 Ceterum

292 3066 377 3125 idem
407 3067 474 3125 iam
506 3069 651 3125 senserat
683 3068 837 3127 Donatus.
871 3067 916 3128 cf.
946 3068 1037 3127 adv.
1059 3069 1128 3127 884.
1153 3069 1242 3142 „lam
1264 3083 1328 3126 non
1348 3069 1427 3126 haec

292 3173 417 3247 blanda,
440 3174 495 3233 sed
517 3174 596 3232 dura
617 3175 703 3232 sunt.
724 3175 809 3232 Nam
833 3175 965 3248 „Salve”
989 3175 1070 3232 dixit
1092 3175 1120 3232 51
1138 3175 1428 3247 nonsolumquem

292 3295 388 3353 saepe
421 3280 544 3352 viderit,
581 3281 636 3338 sed
672 3296 746 3339 cum
782 3296 844 3353 quo
879 3282 998 3341 totiens
1034 3281 1208 3354 litigaverit
1240 3282 1336 3356 „Quid
1368 3279 1428 3340 fit?

293 3387 372 3461 Quid
407 3388 555 3460 agitur?'’
588 3388 768 3460 interrogat
800 3388 832 3445 51
865 3404 965 3460 quum
998 3389 1080 3446 sciat
1109 3389 1141 3446 et
1170 3403 1269 3460 quum
1295 3388 1426 3445 damnet

294 3494 386 3552 actus
408 3490 545 3563 eius”1).

326 3623 347 3689 1)
383 3625 479 3692 Rogat
506 3625 663 3679 Nencinius
688 3640 714 3692 p.
743 3626 802 3680 142.
826 3626 887 3681 not.
908 3627 932 3689 1,
951 3641 1002 3681 cur
1022 3626 1069 3680 hic
1087 3626 1166 3680 senis
1183 3626 1314 3680 mutatos
1332 3639 1429 3680 mores

289 3729 348 3768 non
374 3715 553 3769 admirentur
580 3715 744 3768 Aeschinus
774 3717 804 3770 et
832 3715 933 3783 Syrus.
962 3715 1014 3770 Oui
1041 3716 1095 3770 hoc
1123 3717 1291 3784 respondeo
1320 3714 1428 3782 Syrum

289 3803 438 3858 hominem
471 3803 586 3858 vafrum
620 3803 697 3859 laete
724 3806 853 3873 accipere
880 3806 989 3860 domini
1018 3803 1166 3859 insolitam
1194 3803 1428 3859 benevolentiam

288 3906 383 3960 neque
401 3893 554 3947 admittere
574 3894 770 3961 quaeritando,
789 3895 866 3948 unde
885 3895 1009 3948 mutatio
1028 3893 1076 3948 illa
1095 3895 1160 3948 orta
1179 3895 1266 3963 esset,
1286 3895 1319 3948 ut
1332 3894 1427 3948 denuo

290 3982 319 4035 in
345 3982 419 4036 iram
445 3984 645 4050 prorumperet
672 3997 771 4037 senex.
800 3983 881 4051 Quod
906 3984 940 4037 ad
967 3983 1148 4038 Aeschinum
1166 3983 1287 4048 adtinet,
1304 3997 1341 4036 ne
1359 3983 1428 4036 huic

289 4069 405 4136 quidem
431 4072 548 4138 tempus
575 4069 677 4139 aptum
705 4073 802 4126 visum
828 4086 893 4128 esse
912 4073 1011 4127 debuit
1031 4072 1107 4127 hanc
1124 4073 1155 4126 in
1173 4086 1236 4126 rem
1254 4072 1425 4140 inquirendi,

289 4158 379 4212 semel
415 4161 562 4228 comperto
598 4160 738 4215 Demeam
774 4161 884 4229 nuptiis
921 4161 1059 4216 adsentiri
1091 4160 1125 4216 cf.
1163 4161 1314 4230 aon—905,
1345 4161 1427 4216 cuius

288 4249 438 4314 praeterea
455 4249 570 4304 animus
588 4250 669 4304 totus
687 4250 716 4303 in
737 4264 770 4304 eo
790 4251 860 4319 5151,
879 4251 913 4304 111
930 4249 1058 4318 puellam
1076 4251 1239 4305 deduceret.
