3386 5046
835 547 873 605 36

317 820 321 828 .
345 734 402 796 De.
435 735 536 808 Hegio
566 734 724 808 cognatus
752 733 802 792 his
824 733 874 792 est
896 733 1073 806 proximus,

345 839 468 901 Adilnis
490 840 590 915 nobis,
613 855 748 914 pauper:
771 840 851 898 bene
872 854 931 898 nos
957 839 1075 913 aliquid
1097 838 1202 898 facere
1222 839 1268 897 illi
1289 839 1388 900 decet.

284 948 324 1008 Et

465 1070 520 1129 pro
542 1056 634 1129 patre
655 1054 728 1112 huic
752 1054 810 1127 est,
833 1053 937 1112 bonus
959 1053 1018 1126 est,
1041 1052 1151 1111 noster
1172 1053 1232 1112 est.

326 1163 519 1235 Paupertate
548 1161 679 1220 tantum
711 1161 743 1218 et
774 1159 888 1218 humili
918 1159 1006 1218 vitae
1034 1159 1217 1218 condicione
1240 1159 1420 1234 impeditur,

286 1269 458 1342 quominus
481 1268 664 1328 Sostratam
687 1268 719 1325 et
740 1266 843 1325 filiam
863 1267 935 1325 tam
949 1267 1029 1324 bene
1042 1266 1182 1340 tueatur,
1198 1267 1235 1324 ut
1245 1266 1314 1340 ipse
1325 1266 1421 1340 cupit.

287 1375 332 1436 Of.
354 1391 385 1435 v.
409 1376 468 1434 500
490 1390 558 1447 sqq.

427 1481 496 1555 Sed,
519 1482 649 1554 Demea,
671 1481 731 1540 hoc
753 1481 791 1537 tu
813 1479 910 1539 facito
932 1494 1006 1538 cum
1029 1479 1138 1539 animo
1159 1479 1289 1552 cogites

427 1589 530 1664 Quam
552 1602 611 1647 vos
634 1587 797 1646 facillume
818 1587 922 1660 agitis,
946 1601 1045 1660 quam
1067 1586 1146 1644 estis
1168 1601 1325 1644 maxume

428 1695 588 1769 Potentes,
612 1694 693 1752 dites
715 1693 872 1753 fortunati
892 1693 1023 1768 nubilae,

392 1875 394 1882 Ι
428 1802 511 1860 Tam
532 1815 689 1860 maxume
709 1815 769 1860 vos
791 1815 892 1874 aequo
915 1800 1022 1860 animo
1045 1815 1147 1873 aequa
1168 1814 1299 1860 noscere

427 1908 570 1982 Oportet,
593 1889 621 1965 11
642 1923 701 1966 vos
726 1907 824 1967 voltis
845 1907 1000 1981 perhiberi
1021 1907 1146 1980 probos.

249 2055 250 2060 η
288 2015 320 2073 11
342 2030 372 2074 v.
394 2015 452 2074 605
474 2029 542 2087 sqq.

348 2121 476 2195 Omnes,
497 2122 611 2195 quibus
633 2135 684 2179 res
706 2121 782 2179 sunt
797 2121 905 2180 minus
920 2121 1087 2194 secundae,
1104 2120 1209 2194 magis
1224 2121 1300 2179 sunt
1314 2119 1421 2179 nescio

429 2243 491 2301 quo
512 2229 608 2288 modo

349 2335 534 2408 Suspitiosi:
558 2336 597 2394 ad
615 2335 847 2395 contumeliam
869 2311 978 2394 omnia
999 2333 1158 2407 accipiunt
1180 2333 1301 2407 magis:
1340 2381 1342 2386 .

349 2443 480 2514 Propter
501 2457 597 2501 suam
616 2442 830 2516 inpotentiam
851 2456 887 2500 se
909 2455 1036 2514 semper
1057 2440 1189 2499 credunt
1210 2440 1320 2499 ludier.

329 2549 443 2621 ltaque
473 2563 514 2605 ne
545 2547 628 2621 apud
659 2548 867 2607 Menandrum
896 2547 1025 2620 quidem
1053 2547 1204 2606 voluntas
1232 2547 1336 2605 maior
1365 2546 1421 2605 aut

289 2654 427 2713 facultas
459 2655 487 2712 ei
519 2669 590 2712 esse
620 2654 726 2728 potuit
756 2643 948 2728 propinquas
971 2654 1150 2728 adiuvandi,
1173 2668 1276 2726 neque
1294 2653 1420 2727 idcirco,

289 2761 373 2834 quod
394 2761 540 2834 cognatis
556 2761 712 2834 praesidio
724 2776 787 2820 non
802 2761 906 2819 iuerat
919 2762 1001 2834 apud
1012 2761 1221 2820 Menandrum
1234 2759 1420 2834 avunculus,
1512 2768 1516 2776 ·

290 2869 459 2927 Terentius
482 2868 521 2926 ab
548 2867 724 2940 exemplari
745 2883 791 2941 gr.
810 2867 997 2926 discessisse
1017 2868 1179 2941 putandus
1202 2868 1260 2925 est.

330 2975 426 3034 Porro
461 2990 525 3034 uon
555 2973 646 3033 video
672 2990 734 3047 quo
755 2975 823 3032 iure
844 2989 862 3032 e
882 2974 1002 3034 scholio
1023 2974 1076 3033 illo
1099 2974 1137 3032 de
1158 2974 1287 3034 nomine
1309 2973 1423 3032 Simuli

289 3082 438 3139 trahatur
469 3081 629 3139 Simulum
658 3081 863 3140 nominatum
889 3097 952 3140 non
978 3081 1078 3139 fuisse
1100 3081 1181 3154 apud
1204 3080 1422 3140 Menandrum.

290 3188 423 3247 Miratur
449 3188 581 3247 tantum
602 3188 777 3248 scholiasta
797 3188 965 3262 imperitus
994 3203 1112 3247 nomen
1133 3202 1284 3261 graecum
1305 3187 1423 3247 habere

290 3295 552 3354 terminationem
573 3295 719 3355 latinam.
869 3277 871 3281 ’

331 3403 412 3462 Cum
443 3401 523 3460 talia
554 3401 636 3461 obici
667 3402 800 3477 possint,
833 3418 896 3462 non
930 3402 1021 3461 credo
1047 3401 1194 3461 Grauerti
1225 3401 1422 3460 sententiam

291 3510 380 3568 stare
403 3523 506 3582 posse.

331 3616 477 3674 Daiatzlco
507 3615 604 3689 praei.
636 3632 665 3688 p.
698 3618 726 3676 6.
759 3617 790 3674 11
822 3615 968 3689 Repetitis
999 3631 1028 3689 p.
1057 3616 1075 3673 8
1103 3614 1209 3688 paullo
1238 3614 1330 3673 aliter
1353 3628 1423 3672 rem

291 3721 462 3781 dilucidare
490 3723 596 3781 conati
617 3723 702 3782 sunt.
745 3720 802 3781 llle
822 3722 965 3795 scripsit:
990 3721 1104 3796 ,Sonst
1123 3721 1241 3781 wissen
1262 3721 1320 3779 wir
1341 3721 1424 3780 noch

292 3844 351 3888 aus
379 3830 484 3888 Donat
512 3844 551 3886 zu
575 3829 634 3888 Ad.
657 3830 724 3903 351,
747 3829 822 3887 dass
845 3829 894 3888 die
916 3828 1006 3887 Rolle
1027 3829 1114 3887 eines
1136 3829 1347 3888 Besehiltzers
1369 3827 1424 3886 der

293 3938 442 3997 Sostrata
471 3937 516 3994 im
548 3937 766 4010 griechischen
799 3938 919 3997 stricke
951 3937 1046 3995 deren
1074 3937 1201 4010 Bruder,
1231 3935 1281 3995 bei
1303 3936 1423 3994 'lerona

292 4044 396 4103 einem
417 4044 632 4102 Verwandten
653 4044 708 4102 des
730 4046 958 4104 verstorbenen
979 4044 1110 4103 Mannes
1132 4041 1233 4102 zufiel.
1275 4043 1358 4101 Dass
1375 4041 1428 4100 die
1524 4125 1527 4132 ι

292 4151 482 4224 henderung
510 4151 579 4209 eine
606 4151 887 4224 wohlbegriindete
907 4151 960 4224 ist,
982 4150 1124 4208 leuchtet
1146 4150 1211 4208 ein:
1234 4165 1298 4209 von
1319 4149 1424 4206 einem

291 4258 411 4317 Bruder
439 4264 526 4316 ware
554 4273 588 4316 es
617 4258 686 4316 eine
714 4259 838 4316 schwer
866 4272 906 4315 zu
934 4256 1146 4316 motivirende
1166 4254 1427 4328 Nachlassigkeit
