3368 5046
817 530 856 588 89

279 692 283 706 ’
312 716 460 776 Alterum
492 715 720 789 argumentum
752 730 771 772 a
802 714 953 774 Nencinio
986 730 1003 774 e
1033 715 1162 790 prologo
1183 717 1321 791 petitum
1343 718 1401 792 est,

272 823 326 882 ubi
347 824 442 897 poeta
462 837 493 882 u.
515 823 613 881 9-12
635 822 728 882 dicit:

411 929 580 989 Menander
601 928 676 987 fecit
696 928 851 988 Andriam
873 929 905 986 et
927 928 1132 992 Perinthiam.

412 1036 470 1111 Qui
491 1036 650 1094 utramvis
672 1035 758 1094 recte
778 1035 870 1109 norit,
894 1036 1008 1094 ambas
1028 1037 1168 1097 noverit:

411 1143 481 1202 Non
501 1143 548 1200 ita
569 1143 646 1202 sunt
666 1141 814 1201 dissimili
835 1143 1033 1217 argumento,
1055 1143 1112 1202 sed
1131 1145 1243 1203 tamen

410 1249 566 1308 Dissimili
587 1249 730 1308 oratione
751 1250 827 1307 sunt
845 1249 955 1309 ‘factae
977 1264 1014 1308 ac
1035 1250 1120 1311 stila.

311 1355 398 1428 Nego
419 1369 494 1414 vero
515 1355 636 1428 prologi
657 1355 755 1413 verba
775 1355 846 1413 tam
867 1352 930 1413 fida
951 1369 1030 1430 esse,
1053 1356 1090 1413 ut
1112 1355 1150 1414 de
1171 1370 1282 1415 eorum
1297 1355 1403 1414 aucto-

271 1462 368 1520 ritate
398 1462 544 1520 dubitare
574 1461 664 1520 nefas
696 1461 749 1521 sit.
789 1462 930 1522 Causam
960 1461 1011 1520 hic
1043 1463 1113 1521 orat
1145 1463 1240 1535 poeta
1269 1462 1403 1534 ideoque

272 1569 459 1642 cavendum,
491 1584 532 1627 ne
564 1568 672 1627 omnia
704 1569 731 1628 ei
764 1567 883 1628 credas.
905 1567 975 1627 Non
996 1566 1095 1642 fingit,
1118 1569 1175 1627 sed
1194 1571 1273 1628 haec
1296 1570 1401 1642 auget,

271 1675 326 1734 illa
356 1677 481 1750 minuit,
514 1677 593 1734 haec
625 1674 808 1748 amplificat,
840 1674 895 1732 illa
923 1675 1037 1735 elevat.
1059 1674 1172 1734 Videte
1192 1675 1280 1748 mihi,
1303 1691 1402 1749 quam

271 1782 383 1841 callide
404 1784 479 1856 agat
502 1783 679 1842 Terentius,
707 1783 778 1841 Non
800 1781 875 1840 dicit
896 1781 1098 1856 simpliciter:
1124 1783 1170 1856 „si
1191 1798 1290 1841 unam
1305 1783 1400 1856 noris

273 1889 408 1948 alteram
439 1890 524 1949 noris
534 1891 561 1958 ;'’
593 1890 650 1948 sed
680 1890 709 1947 si
738 1892 815 1948 recte
847 1889 941 1962 noris
974 1889 1001 1948 si
1034 1890 1183 1948 accurate
1206 1889 1301 1963 noris
1323 1890 1402 1948 tunc

272 1996 371 2054 etiam
415 1997 551 2055 alteram
594 1997 729 2056 noveris.
771 1995 842 2055 Non
884 1997 1007 2057 minore
1037 1997 1205 2070 prudentia
1235 1997 1402 2070 sequentia

271 2103 437 2162 enuntiata
468 2104 554 2162 sunt.
596 2103 684 2178 „Non
704 2104 752 2161 ita
773 2103 920 2162 dissimili
942 2107 1018 2163 sunt
1040 2105 1259 2179 argumento”‚
1281 2105 1401 2178 inquit;

269 2210 379 2283 itaque
410 2210 526 2282 aliquid
557 2210 668 2282 utique
697 2209 859 2270 intererat.
892 2211 997 2284 Pergit
1021 2212 1094 2286 „sed
1114 2212 1226 2270 tamen
1247 2211 1402 2270 Dissimili

270 2317 413 2376 oratione
434 2317 509 2375 sunt
532 2315 637 2375 factae
658 2330 695 2374 ac
716 2316 821 2376 stilo’'.
844 2317 941 2376 Hisce
961 2318 1066 2376 verbis
1077 2318 1240 2390 superiora
1251 2319 1402 2390 quadam·

269 2424 364 2483 tenus
394 2424 558 2497 retractat,
590 2437 668 2481 nam
699 2424 818 2481 mirum
849 2424 989 2497 profecto
1020 2425 1053 2482 in
1077 2424 1193 2483 fabulis
1218 2425 1401 2497 ceteroquin

268 2530 383 2590 iisdem
404 2531 580 2590 orationem
603 2530 634 2588 et
656 2529 768 2588 stilum
790 2530 905 2590 differe.
927 2532 1056 2590 Minime
1076 2531 1156 2592 milti
1176 2532 1209 2589 in
1231 2532 1400 2591 animoest

167 2687 169 2690 ,
269 2637 426 2696 mendacii
458 2637 578 2696 crimen
600 2637 746 2696 Terentio
767 2638 944 2710 imputare;
965 2638 1095 2696 tantum
1116 2653 1232 2697 moneo
1254 2653 1328 2696 eum
1349 2653 1400 2696 res

268 2744 315 2802 ita
355 2743 565 2816 proposuisse,
609 2745 645 2801 ut
677 2744 815 2816 speciem
847 2744 1000 2802 haberent
1031 2744 1092 2816 ipsi
1123 2759 1222 2816 quam
1253 2745 1399 2803 maxime

268 2850 452 2909 secundam.
474 2850 611 2923 Operam
633 2850 688 2909 dat
709 2852 769 2910 hoc
789 2851 868 2924 loco,
881 2851 917 2908 ut
929 2851 1237 2911 contaminationem
1250 2853 1399 2924 excusem

269 2955 427 3029 quomodo
455 2957 565 3014 autem
585 2957 645 3016 hoc
666 2957 782 3015 melius
804 2955 871 3015 fieri
891 2958 1026 3030 poterat,
1049 2973 1148 3031 quam
1169 2958 1198 3016 si
1219 2958 1400 3017 ostenderet

268 3062 411 3121 fabulam
432 3063 604 3136 utramque
624 3063 826 3122 simillimam
847 3066 942 3124 esse?
961 3064 1086 3123 Vitium
1108 3065 1193 3122 enim
1205 3065 1401 3124 contamina·

267 3170 364 3229 tionis
394 3170 600 3244 praecipuum
632 3171 690 3244 est,
723 3171 808 3243 quod
829 3171 932 3229 aliena
953 3172 1145 3246 inseruntur,
1169 3187 1252 3244 quae
1273 3171 1400 3230 fabulae

268 3277 438 3350 primariae
459 3277 681 3336 oeconomiam
701 3277 841 3337 turbent.
876 3277 880 3284 '

308 3381 427 3440 Idcirco
458 3381 538 3440 mihi
567 3396 759 3455 persuasum
791 3384 840 3441 est
871 3383 992 3458 prologi
1023 3385 1121 3444 verba
1152 3400 1217 3444 non
1237 3384 1398 3458 impedire,

268 3489 439 3561 quominus
470 3489 656 3547 statuamus
689 3489 815 3549 Charini
846 3490 1041 3563 Byrriaeque
1071 3492 1179 3563 partes
1208 3490 1398 3563 desumptas

269 3609 340 3652 esse
361 3595 569 3668 ePerinthia.

307 3701 352 3760 Ut
371 3701 439 3759 iam
459 3717 627 3760 summam
648 3701 766 3760 faciam
782 3717 901 3776 eorum,
917 3719 1000 3776 quae
1013 3719 1110 3776 supra
1125 3704 1294 3777 disputavi,
1312 3719 1400 3776 argu-

267 3807 387 3881 menta,
410 3822 492 3879 quae
513 3808 639 3867 Charini
660 3808 853 3881 Byrriaeque
864 3824 1016 3883 personas
1029 3811 1209 3870 Perinthiae
1220 3811 1399 3868 adtribuere

266 3915 393 3988 cogunt,
415 3913 506 3986 plura
527 3915 603 3972 sunt
626 3915 658 3972 et
679 3912 788 3988 firma3
811 3917 930 3988 contra,
953 3930 1036 3988 quae
1051 3916 1198 3974 Terentio
1210 3915 1271 3988 ipsi
1283 3915 1396 3972 adscri-

265 4021 339 4079 bere
359 4021 504 4094 suadent,
526 4022 645 4094 partim
666 4021 769 4095 dubia,
792 4021 911 4094 partim
933 4019 1016 4079 falsa
1037 4022 1122 4080 sunt.
1155 4022 1308 4096 Quocirca
1329 4036 1393 4080 non

268 4126 412 4186 dubitavi
432 4128 522 4187 lhnio
545 4128 741 4201 adstipulari.

306 4233 495 4308 Diligentiae
529 4249 628 4293 causa
660 4235 759 4294 etiam
791 4235 1053 4294 commemorabo
1086 4235 1118 4294 Ο.
1151 4235 1191 4294 M.
1223 4233 1398 4292 Franckeni
