3386 5046
858 505 877 562 6

302 693 338 752 G.
360 693 395 750 Ε.
417 692 564 750 Lnssruo.
586 690 844 762 Hamburgische
864 689 1100 762 Dramaturgie.

303 797 354 857 W.
383 796 423 856 H.
452 797 620 856 Garunna.
662 795 863 855 Historische
894 795 958 853 und
990 794 1218 868 philologische
1245 793 1435 854 Analekten.

342 905 486 963 Munster
507 905 594 962 1833.

304 1011 355 1070 W.
386 1012 477 1070 lura.
520 1011 730 1085 Quaestiones
763 1009 983 1069 Terentianae.
1012 1009 1068 1078 [De
1095 1008 1224 1083 Andria,
1253 1009 1344 1082 Eun,
1366 1007 1437 1076 Ad]

344 1119 475 1176 Bonnae
498 1115 582 1176 1843.

305 1224 523 1284 Koaurcrrorr.
555 1224 601 1281 De
621 1224 753 1297 ratione,
776 1238 875 1296 quam
897 1223 1066 1282 Terentius
1088 1223 1121 1280 in
1143 1222 1260 1281 fabulis
1278 1237 1323 1296 gr.
1338 1221 1439 1281 latine

346 1331 506 1389 vertendis
527 1331 658 1388 secutus
681 1331 740 1389 est.
783 1329 932 1390 Coloniae
954 1330 1041 1390 1843.

305 1437 356 1496 W.
392 1437 528 1494 mera
581 1436 686 1494 Ueber
717 1435 845 1508 Anfang
876 1435 941 1493 und
972 1435 1059 1494 Ende
1090 1434 1144 1492 der
1175 1433 1437 1494 Menandrischen

346 1543 518 1616 Adelphen.
551 1542 702 1602 Fleckeis.
724 1543 806 1600 Anu.
829 1541 891 1601 vol.
913 1544 961 1602 97.
986 1543 1072 1601 1868.

306 1651 357 1710 W.
394 1651 424 1709 S.
460 1650 617 1708 Taurum.
670 1649 802 1707 Studien
837 1649 902 1707 und
938 1647 1241 1708 Charakteristiken.
1294 1646 1438 1719 [Andria,

346 1757 435 1830 Eun,
457 1756 527 1824 Ad]
549 1756 678 1829 Leipzig
700 1756 787 1814 1871.

307 1864 345 1922 K.
367 1863 542 1922 Dameam.
577 1863 634 1920 Die
654 1863 774 1920 Andria
796 1861 851 1920 des
871 1861 1049 1922 Menander.
1070 1863 1218 1921 Museum
1240 1861 1441 1920 Rhenanam.

347 1969 416 2028 Vol.
439 1971 486 2044 31,
511 1967 597 2028 1878.

408 2077 454 2135 Iu.
576 2076 680 2134 Ueber
701 2076 803 2149 einige
824 2076 1169 2149 Komilrerfragmente.
1193 2075 1442 2135 MuseumRhe·

348 2198 480 2242 nanum.
502 2182 572 2242 Vol.
594 2183 641 2256 31,
665 2184 751 2242 1876.

410 2291 455 2349 ln.
576 2290 638 2347 Der
670 2289 749 2348 alter
781 2290 889 2348 exitus
921 2289 975 2347 der
1005 2289 1135 2348 Andria.
1175 2289 1327 2348 Fleckeis.
1359 2291 1441 2348 Ann.

348 2397 418 2456 Vol.
441 2397 499 2454 113
521 2411 540 2454 a
563 2397 649 2456 1876.

311 2504 343 2564 Ο.
364 2505 404 2563 M.
427 2504 614 2562 FnAuonarr.
646 2503 691 2560 De
709 2503 839 2562 Poenuli
858 2503 1026 2563 Plautinae
1044 2503 1284 2576 compositione.
1306 2503 1443 2561 Mnemo-

350 2627 439 2686 syne,
462 2611 514 2682 IV,
538 2613 625 2670 1878.

310 2719 349 2779 K.
377 2719 505 2778 Berua.
547 2718 757 2792 Quaestiones
787 2719 1007 2778 Terentianae.
1029 2718 1169 2792 [Andria
1191 2717 1282 2786 Eun]
1304 2716 1444 2776 8661111-

351 2840 419 2899 gae,
443 2826 530 2884 1877.

312 2932 345 2990 Ε.
367 2931 494 2990 Knuen.
524 2932 582 2989 Die
602 2931 782 3005 Lustspiele
803 2931 858 2990 des
877 2933 1045 2990 Terentius
1064 2931 1128 2990 und
1146 2932 1213 2989 ihre
1227 2917 1444 3004 griechischen

352 3038 520 3110 originale.
553 3037 654 3109 [And.,
676 3039 764 3112 Eun,
788 3038 917 3106 Heautr
950 3037 1160 3097 Halberstadt
1182 3038 1269 3097 1884.

312 3145 348 3204 G.
382 3146 501 3204 Ruunt.
544 3145 665 3203 Terenz
696 3145 742 3202 im
774 3145 975 3203 Verhaltniss
1007 3161 1047 3204 zu
1079 3145 1188 3203 seinen
1220 3144 1444 3204 Griechischen

353 3251 543 3324 Originalen.
576 3251 676 3324 [And.,
699 3251 767 3323 Ad..
789 3252 881 3320 Eun]
912 3251 1164 3312 Watzlar1884.

312 3359 339 3417 J.
361 3358 504 3417 Knnsar.
537 3359 640 3432 Quam
662 3358 820 3416 rationem
842 3358 1010 3416 Terentius
1028 3357 1310 3417 incontaminatis
1328 3356 1445 3414 fabulis

353 3465 581 3538 componendis
603 3465 734 3522 secutus
757 3479 828 3522 esse
850 3465 1004 3524 videatur.
1036 3466 1050 3522 1
1072 3464 1130 3524 Ad.
1164 3465 1285 3522 Rheine
1307 3465 1394 3523 1884.

314 3574 351 3631 A.
364 3572 536 3631 Genuam).
558 3571 604 3628 De
618 3571 763 3630 Andriae
775 3571 987 3630 Terentianae
997 3572 1126 3645 gemino
1139 3572 1238 3644 exitu,
1251 3570 1344 3629 Halis
1357 3571 1444 3630 1886.

315 3676 1446 3753 FlFAnsruiour.DetertioAndriaeexitu,1893.Dissphil.Vindob.IV.

315 3786 515 3845 Tilurium.
556 3786 602 3844 De
625 3786 772 3845 Terentio
795 3786 926 3859 eiusque
948 3786 1099 3846 fontibus,
1122 3785 1252 3844 Liburni
1274 3785 1362 3844 1891.

354 3892 541 3967 Naucrurus,
570 3907 642 3952 raro
664 3893 847 3966 disputandi
868 3893 1017 3951 acumine
1035 3893 1180 3966 insignis,
1203 3892 1323 3950 mentis
1344 3891 1446 3951 aciem

314 3999 347 4057 in
374 3999 479 4071 prima
505 3998 642 4058 lectione
669 3999 728 4056 tibi
754 3999 802 4058 ita
829 3999 1045 4072 praestringit,
1073 3999 1110 4056 ut
1139 3998 1177 4056 de
1205 3997 1449 4057 conclusionum

314 4105 452 4164 veritate
482 4120 644 4178 nusquam
677 4105 741 4163 fere
772 4105 907 4180 dubites,
940 4105 995 4163 sed
1023 4105 1160 4178 repetita
1187 4105 1340 4178 cogitatio
1369 4105 1448 4162 mihi

317 4211 434 4271 saltem
455 4212 487 4270 in
509 4211 666 4285 plerisque
687 4213 884 4271 eontrarium
908 4212 1021 4270 habuit
1042 4213 1204 4272 eventum.
1247 4212 1316 4271 Hoc
1336 4213 1448 4270 tamen
