3368 5046
819 519 858 576 92

271 705 425 780 taudem,
448 721 467 764 a
488 719 581 765 servo
603 704 716 764 callido
738 705 947 777 compertam,
972 704 1138 764 narratam
1161 703 1270 765 fuisse.
1303 706 1405 764 scena

269 813 354 888 talis,
387 813 423 871 ut
454 813 485 872 Ii
517 813 544 887 2,
574 826 638 871 non
672 810 771 870 defuit
793 811 890 884 igitur
909 811 943 869 in
965 811 1135 870 Perinthia.
1178 811 1281 870 Pluris
1303 811 1403 870 etiam

271 919 453 979 faciendum
474 920 534 994 est,
556 918 639 991 quod
660 933 760 977 causa
783 918 914 991 apparet
929 917 1025 986 nulla,
1042 932 1098 976 cur
1114 918 1282 978 Terentius
1296 918 1330 976 in
1344 919 1404 977 hac

270 1041 367 1085 scena
388 1026 561 1086 Charinum
582 1025 796 1099 produxisset.
838 1023 957 1082 Deinde
977 1023 1112 1084 lectores
1134 1024 1290 1097 respicere
1309 1024 1403 1083 iubeo

270 1148 300 1192 v.
328 1133 367 1191 20
388 1132 464 1203 (157)
489 1131 589 1207 ,forte
609 1132 653 1190 ibi
673 1131 768 1190 huius
790 1131 881 1190 video
900 1130 1084 1203 Byrriam'’:
1107 1131 1141 1189 at
1163 1130 1197 1188 in
1217 1130 1338 1189 Andria
1358 1146 1403 1204 gr.

270 1254 310 1298 ne
341 1239 475 1298 extabat
507 1238 635 1312 quidem
666 1238 779 1310 Byrria
807 1252 910 1310 neque
931 1238 999 1296 erat
1021 1251 1101 1310 opus
1123 1237 1191 1295 eius
1214 1251 1331 1296 nomen
1352 1236 1403 1295 hio

271 1345 394 1405 addere.
436 1345 499 1404 Bes
537 1359 613 1404 vero
650 1344 881 1418 propemodum
912 1342 1078 1404 coniicitur
1109 1357 1225 1404 scenae
1256 1342 1402 1402 versibus

269 1452 450 1527 postremis
483 1451 598 1524 quibus
626 1437 738 1510 'Davus
770 1452 880 1510 monet
907 1451 1067 1524 iuvenem,
1094 1451 1131 1509 ut
1155 1450 1258 1525 ,senis
1280 1449 1402 1510 amicos
1482 1517 1484 1522 ,

270 1560 347 1634 oret,
371 1559 523 1620 ambiat''.
566 1558 747 1632 Respondet
767 1557 821 1616 ille
841 1573 873 1618 v,
894 1559 933 1617 36
955 1557 1043 1629 (373).

568 1666 653 1724 Bene
674 1679 812 1725 monesi

330 1773 394 1846 Ibo,
418 1772 479 1830 etsi
496 1770 600 1830 hercle
618 1785 713 1844 saepe
730 1771 798 1829 iam
815 1787 869 1829 me
886 1785 959 1844 spes
977 1772 1055 1830 haec
1074 1770 1273 1831 frustratast.
1291 1770 1371 1829 vale

309 1878 397 1952 Nego
425 1879 505 1937 haec
532 1878 700 1938 convenire
724 1877 862 1937 Andriae
890 1877 1018 1937 latinae.
1061 1879 1206 1938 Primum
1227 1893 1291 1938 non
1312 1878 1403 1937 video

270 2000 344 2042 eum
375 1999 485 2044 revera
516 1984 601 2043 senis
638 1984 759 2044 amicos
791 1999 909 2059 orasse,
944 1985 1105 2045 ambiisse.
1139 1985 1274 2045 Cuinam
1307 2001 1399 2058 porro

269 2090 450 2165 verisimile,
483 2092 601 2150 nedum
629 2092 775 2151 credibile
795 2093 961 2166 videbitur,
983 2093 1017 2151 in
1038 2091 1239 2152 sermonibus
1261 2092 1401 2166 patrum,

271 2197 410 2256 Simonis
452 2197 701 2272 Chremetisque,
740 2215 902 2272 nusquam
933 2200 1132 2258 mentionem
1163 2196 1231 2256 fieri
1264 2197 1401 2272 Charini,

268 2304 392 2362 iuvenis
415 2303 546 2377 frugalis
569 2306 666 2378 atque
687 2306 834 2379 modesti,
854 2305 976 2378 virgine
989 2305 1104 2378 pudica
1118 2305 1268 2378 dignioris
1279 2306 1399 2379 utique,

269 2425 368 2484 quarn
399 2411 585 2485 Pamphilus
612 2412 705 2471 erat?
746 2411 959 2472 credemusne
980 2411 1192 2484 Chremetem,
1215 2426 1290 2471 cum
1312 2413 1401 2472 certo·

269 2518 476 2591 comperisset
501 2519 706 2592 Pamphilum
727 2518 929 2577 meretricem
952 2533 1070 2592 amare,
1093 2518 1238 2600 precibus
1261 2519 1400 2578 Simonis

268 2625 466 2700 perductum,
487 2626 606 2684 iterum
627 2626 747 2699 nuptiis
763 2626 936 2684 adsensum
952 2624 1050 2684 fuisse
1060 2625 1128 2684 iam
1140 2641 1159 2684 a
1170 2640 1206 2684 se
1216 2625 1400 2699 repudiatis

269 2746 344 2791 curn
364 2747 459 2805 gener
479 2733 582 2792 bonus
603 2733 664 2791 sibi
685 2734 817 2806 paratus
840 2732 952 2791 esset?

309 2839 428 2913 Quibus
454 2840 623 2911 pensitatis
645 2839 854 2898 statuendum
876 2838 955 2896 mihi
976 2838 1109 2911 videtur,
1133 2838 1163 2897 Π
1186 2839 1214 2897 2.
1237 2853 1402 2911 quoquee

269 2945 431 3003 Perinthia
451 2945 593 3007 fluxisse.
618 2943 637 3017 ¹)
1074 3013 1078 3019 ,

266 3039 269 3044 ’
308 3051 418 3110 Denuo
443 3051 583 3124 procedit
604 3053 718 3124 Byrria
739 3053 770 3111 Π
791 3055 819 3112 5.
836 3054 862 3126 1,
878 3052 933 3110 ubi
948 3051 1082 3111 adnotat
1096 3051 1241 3111 Donatus
1259 3051 1326 3126 ,Ad
1340 3051 1399 3110 hoc

266 3157 355 3216 venit
386 3158 506 3232 Byrria,
540 3159 576 3216 ut
607 3159 640 3217 in
672 3174 812 3219 errorem
843 3158 989 3219 conciliet
1022 3158 1195 3218 Charinum
1231 3158 1263 3216 et
1284 3158 1318 3216 in
1338 3157 1399 3216 hac

267 3279 364 3323 scena
378 3265 515 3337 quatuor
526 3280 681 3338 personae
692 3266 761 3325 sine
770 3265 989 3339 implicatione
999 3264 1181 3323 intellectus
1192 3264 1397 3338 loquuntur.”

267 3371 431 3431 Dubitatio
452 3371 540 3430 nulla
561 3372 634 3431 oriri
654 3373 771 3446 potest,
793 3373 869 3445 quin
889 3373 968 3431 haec
990 3385 1087 3431 scena
1108 3371 1256 3430 fueritin
1278 3371 1398 3430 Andria

266 3474 437 3552 Menandri,
460 3493 535 3537 cum
557 3479 721 3538 artissime
741 3479 912 3539 coniuncta
932 3479 976 3536 sit
997 3493 1073 3537 cum
1094 3478 1125 3536 Π
1143 3480 1170 3552 4,
1193 3479 1394 3538 Menandrea.

266 3585 345 3643 Vide
374 3585 528 3645 Dziatzko
559 3602 589 3659 p.
611 3587 677 3659 245,
710 3585 900 3646 Nencinium
931 3601 960 3658 p.
983 3587 1030 3659 39,
1059 3585 1253 3644 Crauertum
1274 3601 1304 3658 p.
1329 3583 1396 3644 194.

265 3691 436 3750 Diiudicari
458 3694 568 3752 autem
589 3693 645 3762 vix
666 3693 782 3767 potest,
805 3693 915 3752 utrum
938 3692 1107 3751 Terentius
1121 3693 1191 3765 ipse
1204 3692 1283 3750 haec
1297 3691 1397 3749 verba

300 3875 321 3941 ¹)
340 3876 500 3932 Grauertus
517 3893 544 3946 p.
564 3879 617 3932 194
635 3879 665 3933 et
682 3877 840 3933 Nencinius
857 3892 884 3946 p.
903 3878 946 3946 39,
960 3878 1082 3946 uterque
1095 3877 1210 3932 Charini
1224 3877 1400 3946 Byrriaeque

263 3967 361 4034 partes
395 3965 529 4022 Terentio
559 3968 698 4037 tribuens,
729 3969 886 4036 opinantur
911 3967 1068 4023 inseruisse
1096 3969 1214 4036 poetam
1241 3965 1400 4034 exemplari

263 4071 305 4124 gr.
324 4071 366 4126 aa,
385 4071 459 4125 quae
476 4056 603 4124 loquitur
621 4057 775 4126 Charinus;
795 4071 865 4112 nam
882 4057 918 4112 iis
937 4071 1052 4125 quoque
1070 4071 1245 4125 persuasum
1257 4057 1311 4122 est,
1323 4055 1400 4110 hanc

263 4159 391 4212 scenam,
405 4146 442 4200 il.
459 4147 484 4214 2,
501 4145 695 4202 necessariam
711 4145 802 4202 fuisso
817 4146 943 4201 Andriae
952 4161 1009 4214 gr.;
1026 4161 1129 4214 parum
1142 4146 1242 4201 autom
1253 4143 1402 4212 probabile

263 4232 432 4290 Terentium
450 4235 486 4289 de
504 4248 557 4290 suo
576 4234 698 4290 finxisse
716 4248 836 4290 scenam
855 4237 949 4290 totam
966 4249 1083 4290 novam.
