3386 5046
837 537 876 595 150

289 725 477 798 plerumque
506 725 578 782 tam
610 720 783 782 artificiosa
812 724 910 796 atque
937 723 1014 797 apta
1042 724 1101 796 est,
1131 724 1167 782 ut
1194 724 1327 798 impune
1348 725 1425 784 nihil

291 830 415 889 auferre
437 831 493 889 aut
515 831 642 890 demere
664 829 779 903 possis

754 1043 967 1050 .—.-—.——-

782 1291 891 1352 Carus
914 1294 942 1351 5.

593 1479 639 1536 Du
660 1479 797 1537 Douma
817 1493 959 1537 11111111
981 1493 1134 1539 11111111.

334 1790 532 1866 Quicumque
552 1791 691 1848 Demeae
711 1790 860 1864 indolem,
882 1805 981 1863 quam
1003 1789 1162 1863 expressit
1182 1790 1278 1863 poeta
1299 1789 1332 1847 in
1354 1790 1428 1848 actu

294 1898 414 1970 quinte,
447 1897 613 1970 comparat
646 1911 721 1954 oum
752 1896 815 1971 illa,
849 1912 948 1969 quam
980 1911 1056 1971 prae
1088 1911 1123 1954 se
1161 1896 1282 1970 1111111
1304 1897 1429 1955 actibus

294 2003 521 2076 superioribus
543 2018 607 2062 non
628 2004 735 2076 potest
757 2004 833 2076 quin
854 2003 974 2061 sentiat
998 2018 1071 2061 earn
1096 2018 1197 2076 paene
1217 2018 1347 2061 versam
1360 2018 1431 2061 esse

294 2110 327 2167 in
359 2110 564 2169 contrarium.
598 2109 678 2169 Cum
713 2112 823 2168 autem
856 2110 893 2168 de
916 2125 994 2168 vera
1015 2110 1154 2168 Demeae
1174 2109 1278 2169 indole
1300 2110 1431 2182 eiusque

295 2216 501 2290 conversione
518 2216 612 2275 valde
626 2215 773 2274 differant
785 2217 952 2276 doctorum
964 2216 1152 2290 sententiae,
1166 2231 1280 2290 operae
1290 2217 1429 2289 pretium

296 2323 355 2381 1111
381 2337 540 2397 quaerere,
570 2323 729 2396 quomodo
757 2324 947 2396 praeparata
969 2323 1012 2381 sit
1033 2324 1112 2381 haec
1134 2323 1274 2382 mutatio
1296 2339 1315 2381 a
1336 2324 1431 2396 poeta

296 2430 328 2487 et
349 2445 432 2503 quae
452 2444 563 2488 revera
583 2429 704 2489 indoles
726 2430 769 2487 sit
790 2431 929 2488 Demeae
950 2430 982 2488 in
1005 2429 1132 2487 fabulae
1153 2427 1230 2489 fine:
1252 2429 1325 2488 inde
1345 2430 1430 2487 enim

295 2537 411 2610 pendet
449 2536 611 2611 iudicium,
652 2537 735 2610 quod
776 2537 867 2596 nobis
901 2536 1065 2595 ferendum
1098 2537 1148 2594 est
1180 2536 1220 2594 de
1248 2537 1432 2596 comoediae

298 2644 513 2716 catastrophe.

338 2751 370 2808 Si
408 2751 549 2824 primunr
587 2750 781 2825 quaerimus
825 2750 899 2823 quid
931 2751 1055 2809 Donato
1085 2750 1193 2808 visum
1225 2750 1268 2808 sit
1301 2750 1339 2808 de
1370 2751 1431 2808 hac

297 2857 493 2929 quaestione,
512 2857 704 2930 percipimus
719 2857 810 2915 illum
822 2857 1030 2915 existimasse
1041 2857 1197 2915 Demeam
1209 2857 1272 2915 sibi
1284 2858 1433 2916 constare

297 2977 352 3036 per
381 2963 489 3021 totam
520 2963 664 3022 fabulam
695 2979 797 3037 neque
827 2964 861 3021 in
891 2961 954 3021 11111
982 2963 1122 3022 indolem
1143 2978 1254 3023 revera
1275 2964 1431 3035 mutasse,

298 3069 353 3126 sed
380 3069 441 3128 hoc
462 3069 643 3142 simulasse,
666 3070 702 3127 ut
725 3069 858 3130 fratrem
878 3068 1023 3142 filiosque
1044 3070 1077 3127 in
1099 3085 1238 3129 errorem
1260 3069 1432 3128 induceret.

274 3174 344 3261 ὶ(11.
366 3175 424 3234 Ad.
453 3177 586 3248 Argum.
617 3177 788 3250 ,Servatur
817 3177 927 3235 autem
956 3192 1011 3250 per
1038 3177 1145 3236 totam
1174 3176 1318 3235 fabulam
1342 3176 1432 3234 mitis

277 3296 281 3337 ·.
297 3282 398 3355 Micio,
428 3297 545 3340 saevus
574 3282 704 3355 Demea,
732 3284 817 3342 Leno
846 3298 973 3357 avarus,
1003 3283 1137 3342 callidus
1167 3284 1276 3356 Syrus
1299 3283 1433 3342 timidus

282 3389 459 3462 ,ctestpnq
480 3388 620 3448 liberalis
641 3389 829 3464 Aeschinus,
852 3390 987 3463 pavidae
1002 3389 1161 3463 mulieres
1177 3390 1286 3462 gravis
1301 3389 1433 3463 Hegio’.

284 3482 395 3554 'Plura
428 3497 490 3554 huc
523 3495 645 3554 faciunt
676 3496 708 3554 in
740 3497 981 3571 commentario,
1015 3511 1077 3569 quo
1111 3495 1254 3554 fabulam
1287 3497 1434 3555 nostram

255 3594 259 3633 ³
298 3601 481 3675 illustravit,
504 3602 592 3660 velut
613 3603 641 3659 V
662 3605 690 3662 3.
712 3604 750 3661 53
773 3602 900 3676 Scilicet,
919 3604 965 3662 itu
980 3606 1102 3676 tempos
1113 3605 1194 3678 scri:
1201 3602 1432 3678 faciundumst.

256 3716 259 3775 ’,
300 3708 407 3782 „Vide
440 3709 468 3766 si
502 3725 566 3768 non
596 3710 656 3769 hoc
688 3709 739 3783 sit,
773 3709 857 3782 quod
888 3710 1000 3769 Graeci
1031 3705 1279 3783 pronuntiamur
1309 3709 1433 3769 dicunt:

258 3808 261 3830 “
300 3829 378 3871 nam
399 3815 445 3872 sic
462 3815 494 3872 et
534 3815 580 3874 iio
600 3817 723 3888 tempos
733 3816 815 3890 fcri''
831 3816 863 3873 11
880 3815 1134 3891 „faciundumst”
1151 3814 1281 3874 dicendo
1294 3815 1433 3874 ostendit

301 3935 337 3977 se
368 3921 473 3994 magis
505 3922 575 3994 cogi
606 3922 863 3995 necessitatibus
896 3923 932 3980 ut
964 3921 1070 3995 paullo
1099 3922 1143 3980 sit
1164 3921 1373 3994 tranquillior.
1394 3921 1434 3982 Et

301 4041 376 4084 cum
407 4028 501 4085 tanta
533 4025 722 4087 difficultate
752 4029 922 4102 promittit,
955 4030 1127 4101 tamquam
1160 4028 1248 4086 mala
1270 4028 1434 4086 subiturus

300 4133 373 4193 sit”.
401 4133 440 4190 ‘V
468 4136 496 4194 9.
525 4136 562 4193 35
589 4133 650 4195 Sed
670 4135 698 4194 si
718 4135 752 4194 iui
772 4136 860 4195 uoltis
876 4135 982 4208 potius
1005 4151 1085 4208 quac
1105 4150 1156 4194 uos
1172 4138 1301 4209 propter
1323 4135 1436 4194 odoles-

301 4239 436 4299 centium
473 4240 581 4300 ocinus
619 4241 727 4301 uidetis
759 4257 815 4315 eqs
849 4241 926 4316 ,Hic
959 4241 1099 4301 ostendit
1131 4242 1299 4300 'terentius
1329 4240 1435 4314 magis
