3386 5046
850 553 888 610 10

302 741 339 800 in
373 741 480 800 tutost
515 741 620 799 omnis
655 754 722 800 res:
759 740 874 798 omitte
904 754 979 798 vero
1013 739 1181 798 tristitiem
1214 740 1318 799 tuam.

304 847 352 908 Ct.
394 848 460 920 Ego
488 847 579 906 illam
606 847 712 905 hercle
739 861 814 905 vero
844 846 969 919 omitte,
1000 846 1054 918 qui
1082 845 1211 918 quidem
1239 847 1272 904 te
1296 847 1435 905 habeam

343 954 484 1027 tratrem,
508 969 526 1012 0
548 954 594 1012 mi
615 953 781 1026 Aeschine,

304 1063 327 1122 Ο
351 1062 397 1120 mi
420 1075 588 1134 germane:
611 1060 652 1118 ah
674 1074 784 1119 vereor
805 1074 913 1118 coram
935 1061 968 1118 in
990 1075 1026 1118 os
1047 1061 1081 1117 te
1101 1060 1232 1118 laudare
1247 1059 1394 1133 amplius,

303 1168 351 1226 Ne
381 1168 412 1226 id
448 1167 637 1241 adsentandi
668 1167 774 1239 magis
807 1181 904 1238 quam
937 1181 999 1239 quo
1021 1167 1159 1225 habeam
1180 1168 1311 1240 gratum
1333 1167 1437 1226 iacere

346 1274 535 1333 existumas.

343 1382 366 1439 Ε
389 1395 486 1438 versu
507 1380 610 1454 primo
634 1380 765 1452 apparet
785 1379 934 1438 lenonem
959 1381 1054 1438 antea
1074 1380 1107 1437 in
1119 1380 1283 1452 proscenio
1296 1379 1437 1438 adfuisse

305 1489 402 1561 atque
417 1489 520 1561 egisse
535 1488 573 1545 de
587 1487 722 1559 pecunia
735 1501 791 1559 pro
806 1486 940 1559 psaltria
956 1487 1151 1560 accipienda:
1164 1501 1241 1545 nam
1252 1486 1284 1544 id
1294 1486 1436 1545 indicant

303 1596 402 1656 verba
425 1595 611 1654 Sannionis:
637 1593 929 1668 ,numquidnam
952 1593 1041 1651 effert
1050 1594 1084 1653 ?'’
1108 1595 1220 1666 sperat
1240 1594 1437 1652 Aeschinum

243 1681 244 1686 ἵ
303 1703 371 1760 iam
386 1702 554 1774 adportare
570 1700 748 1773 argentum,
765 1700 848 1772 quod
865 1702 964 1772 syrus
980 1701 1093 1758 datum
1106 1700 1145 1757 iri
1156 1700 1347 1773 promiserat
1359 1701 1437 1759 234:

346 1810 399 1880 Sy.
421 1809 523 1866 Minas
546 1808 655 1865 decem
679 1808 829 1866 conradet
853 1807 1006 1866 alicunde.

344 1915 530 1974 Notandum
560 1914 659 1972 etiam
689 1915 747 1986 est,
770 1929 869 1986 quam
892 1915 968 1986 apta
990 1915 1055 1972 sint
1076 1915 1175 1972 verba
1195 1913 1250 1972 illa
1271 1913 1437 1972 Aeschini:

308 2022 419 2096 ,Ubist
450 2021 503 2079 ille
531 2021 704 2093 sacrilegus
714 2021 747 2079 ·?'’
779 2021 914 2080 iamiam
943 2022 1144 2094 expectandis
1174 2022 1301 2092 Syrum,
1328 2020 1381 2092 qui
1410 2020 1439 2077 ei

304 2129 547 2187 renuntiaturus
570 2128 621 2201 sit,
645 2128 841 2186 Sannionem
859 2143 976 2186 manus
992 2127 1116 2186 dedisse
1128 2129 1226 2200 atque
1236 2127 1438 2200 pactionibus

306 2235 374 2294 suis
397 2235 581 2294 accessisse.
1279 2221 1281 2226 ’

346 2341 493 2400 Alterum
519 2343 756 2414 argumentum,
780 2342 948 2400 cohaerere
969 2357 1099 2399 scenam
1123 2343 1140 2399 2
1163 2343 1194 2399 et
1216 2344 1242 2413 4,
1266 2342 1367 2400 situm
1389 2341 1438 2398 est

306 2448 459 2508 111414.

348 2556 401 2627 Sy.
423 2556 559 2615 Eamus:
581 2570 723 2627 namque
744 2555 793 2612 hic
815 2555 962 2628 properat
986 2555 1019 2612 in
1042 2555 1192 2628 Cyprum.

307 2733 309 2739 Ι
348 2663 434 2737 Quae
454 2661 552 2720 verba
572 2661 706 2734 intelligi
726 2677 790 2720 non
813 2663 953 2734 possent,
976 2662 1038 2719 nisi
1053 2662 1265 2734 praeivissent
1279 2663 1311 2720 in
1327 2661 1439 2719 eadem

307 2768 416 2827 fabula
439 2784 476 2826 ea
498 2784 580 2841 quae
601 2769 728 2841 copiose
749 2769 921 2826 narrantur
943 2770 970 2828 2.
995 2769 1032 2826 16
1054 2783 1122 2840 sqq.

348 2877 401 2948 Sy.
424 2876 593 2934 Praeterea
616 2876 725 2933 autem
751 2876 784 2932 te
809 2875 899 2933 aiunt
921 2873 1077 2947 proficisci
1100 2875 1249 2949 Cyprum,
1273 2890 1298 2934 e.
1312 2891 1340 2948 q.
1353 2891 1379 2933 s.

347 2983 416 3040 Non
445 2982 579 3041 minoris
607 2982 765 3041 momenti
795 2982 872 3039 sunt
898 2996 944 3054 ea,
968 2996 1050 3054 quae
1072 2982 1244 3041 ostendunt
1268 2997 1399 3041 scenam
1421 2983 1439 3040 3

306 3089 386 3146 item
408 3089 571 3146 artissime
592 3103 773 3146 connexam
796 3103 867 3146 esse
888 3103 962 3146 cum
985 3090 1012 3148 4.
1056 3089 1201 3147 Primum
1221 3089 1253 3146 in
1275 3089 1439 3161 proscenio

307 3195 374 3252 iam
407 3194 516 3252 aderat
550 3195 698 3267 Ctesipho
729 3195 820 3253 initio
852 3209 968 3252 scenae
995 3197 1022 3267 3,
1052 3210 1129 3253 nam
1157 3195 1185 3253 si
1210 3196 1283 3253 tum
1309 3196 1441 3253 demum

309 3300 501 3375 advenisset,
538 3316 655 3359 nomen
691 3303 808 3361 actoris
839 3302 941 3374 ignoti
971 3303 1067 3375 poeta
1098 3317 1173 3360 cum
1205 3303 1440 3375 spectatoribus

308 3408 591 3486 communicasset.
637 3409 733 3467 Porro
764 3409 914 3467 Aeschini
934 3410 1033 3467 verba
1056 3410 1173 3483 ,Ehem
1192 3407 1385 3482 opportune:
1407 3410 1441 3467 te

200 3585 202 3590 ι
308 3515 415 3588 ipsum
438 3515 575 3587 quaero”
597 3516 788 3588 respondent
809 3516 857 3588 iis,
881 3531 963 3588 quae
983 3516 1123 3588 loquitur
1146 3516 1294 3589 Ctesipho
1313 3517 1353 3576 H.
1369 3519 1396 3575 3.
1413 3518 1439 3575 i:

348 3622 372 3681 Ο
396 3622 483 3695 Syre,
506 3622 684 3680 Aeschinus
706 3622 817 3681 ubist?
840 3624 892 3694 Sy.
915 3621 1031 3696 Elium,
1058 3625 1091 3680 te
1113 3624 1263 3696 expectat
1284 3623 1380 3682 domi.

348 3728 475 3802 Deinde,
495 3743 578 3801 quae
594 3729 668 3786 dicit
686 3729 864 3787 Aeschinus
884 3729 1056 3804 11111143,
1073 3731 1271 3789 subobscura
1281 3730 1367 3803 sunt,
1379 3730 1441 3787 nisi

310 3834 471 3893 auditores
492 3836 559 3893 iam
575 3837 786 3909 compererint
798 3851 843 3910 ea,
857 3851 939 3909 quae
950 3838 1138 3896 narraverat
1150 3837 1299 3909 Ctesipho
1311 3838 1360 3896 3.8
1372 3852 1440 3909 sqq.

311 3940 418 4016 „illius
451 3941 578 4013 (fratris)
611 3958 714 4016 opera,
749 3944 836 4015 Syre,
859 3958 943 4001 nunc
964 3944 1055 4004 vivo:
1080 3944 1231 4003 festivom
1254 3944 1359 4016 caput,
1383 3944 1442 4018 Qui

309 4048 503 4121 ignominias
531 4050 591 4107 sibi
620 4051 693 4122 post
718 4050 846 4122 putavit
869 4065 940 4108 esse
961 4065 1037 4124 prae
1059 4066 1131 4109 meo
1150 4051 1329 4123 commodo,
1352 4050 1443 4108 Male·

311 4154 405 4226 dicta,
426 4155 558 4230 famam,
582 4172 693 4214 meum
714 4157 866 4230 laborem,
890 4157 921 4214 et
943 4159 1113 4230 peccatum
1134 4159 1167 4216 in
1189 4173 1225 4216 se
1244 4157 1442 4217 transtulit''.

350 4261 492 4334 Denique
513 4277 610 4322 scena
632 4265 649 4322 2
670 4264 812 4336 iungitur
834 4277 907 4321 cum
930 4266 948 4322 3
970 4278 1064 4322 versu
1086 4266 1126 4323 44
1146 4280 1214 4336 sqq.
