3386 5046
805 546 845 604 49

258 731 369 808 filium,
400 748 497 807 quem
525 731 691 806 exemplar
711 732 800 790 vitae
821 733 974 804 antiquae
994 732 1054 791 sibi
1075 729 1233 807 finxisset,
1251 733 1394 806 nequitia

258 841 444 914 aequalibus
465 855 529 899 non
552 839 671 899 cedere.
714 838 783 898 Hac
805 839 892 897 enim
913 853 947 896 re
966 839 1119 897 instituta
1140 839 1258 912 omnia,
1276 840 1391 913 quibus

257 948 361 1006 vitam
389 962 485 1005 suam
513 946 616 1004 adhuc
644 945 784 1019 regebat,
814 959 972 1004 concussa
997 946 1094 1018 atque
1114 960 1216 1019 paene
1236 947 1392 1004 subversa

257 1054 357 1114 erant.
373 1053 494 1126 Cuique
506 1052 635 1111 evidens
648 1053 707 1126 θεῖ,
720 1067 819 1125 quam
833 1052 907 1125 apte
917 1053 978 1111 hoc
990 1067 1009 1109 a
1019 1053 1116 1125 poeta
1127 1051 1391 1112 administratum
1458 1127 1459 1130 Ἴ

258 1161 309 1234 sit,
338 1161 375 1219 ut
404 1160 578 1234 hominem,
607 1159 639 1218 in
668 1158 727 1217 tali
755 1158 939 1217 condicione
967 1159 1163 1232 versantem,
1185 1160 1392 1232 segregatum

259 1268 298 1326 ab
331 1267 401 1326 aliis
433 1266 575 1339 cogitare
605 1265 644 1324 de
674 1280 720 1338 eo,
753 1265 828 1338 quid
860 1265 921 1323 sibi
951 1265 985 1323 in
1016 1265 1182 1338 posterum
1210 1265 1391 1324 faciendum

258 1359 353 1448 esset,
366 1373 494 1432 faceret.
515 1373 688 1432 Molestum
703 1371 939 1444 quodammodo
951 1371 1047 1445 esset,
1059 1371 1087 1429 si
1097 1372 1218 1430 Demea
1229 1371 1389 1446 continuo,

258 1480 343 1539 nullo
365 1478 533 1538 intervallo
555 1479 753 1552 interposito,
775 1479 849 1552 post
870 1477 1064 1551 colloquium
1087 1493 1162 1536 cum
1178 1477 1316 1538 fratrer.
1329 1478 1388 1538 855

259 1603 297 1645 ea
316 1587 507 1660 loqueretur,
531 1601 571 1644 ex
593 1586 709 1658 quibus
733 1585 968 1659 spectatoribus
990 1584 1099 1658 palam
1113 1583 1170 1643 flat
1185 1600 1391 1644 eumnovam

260 1693 400 1753 indolem
422 1693 651 1766 ingeniumque
672 1693 815 1751 induisse
826 1688 857 1763 1).

298 1800 440 1873 Denique
468 1799 556 1858 nulla
584 1798 764 1872 causaest,
787 1813 843 1856 cur
864 1798 1018 1858 Dziatzko
1040 1799 1174 1856 miretur
1195 1799 1351 1858 Demeam
1374 1815 1392 1858 a

261 1907 340 1980 Syro
362 1907 520 1978 revocari;
543 1906 749 1965 oeconomiae
770 1920 870 1963 causa
887 1903 932 1979 flt,
951 1905 999 1962 ita
1017 1906 1053 1962 ut
1070 1919 1168 1978 supra
1178 1921 1208 1964 r.
1222 1906 1280 1965 776
1292 1907 1392 1978 Syrus

260 2029 279 2071 a
300 2013 460 2072 Dromone
480 2013 701 2072 revocabatur.
741 2012 813 2084 Syri
835 2011 921 2069 enim
943 2011 1082 2070 adventu
1103 2012 1243 2070 Demeae
1254 2012 1392 2098 facultas

259 2119 361 2193 datur,
384 2134 485 2179 novos
507 2131 614 2178 mores
636 2119 830 2178 ostentandi.

298 2226 386 2284 Haec
417 2225 509 2284 credo
541 2224 711 2299 sufficiunt,
734 2225 867 2298 nequis
890 2225 1131 2283 assentiendum
1153 2226 1245 2298 putet
1265 2226 1391 2284 Dziatz-

259 2333 341 2406 koni,
364 2332 568 2391 contendenti
589 2333 648 2391 hoc
669 2331 738 2391 loco
761 2332 947 2391 Terentium
970 2331 1158 2389 discessisse
1180 2332 1389 2392 aMenandm.

259 2440 295 2497 ln
316 2440 503 2497 universum
525 2439 722 2498 monendum
744 2439 793 2496 θεῖ
815 2439 974 2500 rationem
997 2453 1068 2496 esse
1080 2438 1235 2496 audacem
1248 2439 1279 2496 et
1290 2453 1391 2511 paene

258 2545 394 2604 dixerim
407 2546 625 2618 temerariam,
641 2545 668 2602 si
684 2545 735 2603 cui
750 2544 824 2618 quid
838 2545 994 2603 vitiosum
1010 2545 1066 2602 aut
1077 2544 1220 2603 hiulcum
1231 2544 1387 2613 videatur,

258 2653 408 2712 continuo
430 2653 586 2712 clamare:
608 2653 669 2711 hoc
689 2652 745 2710 uni
768 2652 916 2711 Terentio
939 2651 1185 2709 adtribuendum
1208 2651 1267 2724 est,
1284 2651 1390 2726 depra-

258 2759 349 2817 vanti
377 2758 541 2832 exemplar
561 2773 721 2832 graecum,
745 2758 869 2818 mendis
891 2759 1066 2831 saevisque
1087 2758 1217 2817 omnino
1239 2773 1389 2819 vacuum.

258 2865 326 2924 Nisi
348 2866 493 2924 Donatus
514 2866 740 2924 testimonium
762 2865 912 2938 praebeat
935 2866 991 2923 aut
1014 2865 1214 2939 argumenta,
1234 2864 1390 2924 efabulae

259 2973 445 3032 oeconomia
467 2973 576 3046 petita,
599 2973 687 3030 certa
709 2973 765 3030 aut
788 2972 979 3031 dubitationi
1000 2972 1057 3030 vix
1078 2972 1226 3046 obnoxia,
1250 2972 1392 3046 suppedi-

258 3079 337 3153 tent,
368 3079 557 3152 cavendum,
580 3094 620 3137 ne
641 3080 724 3137 hanc
745 3079 835 3136 viam
855 3078 1080 3151 ingrediamur.
1103 3078 1294 3152 Plerumque
1314 3094 1390 3138 vero

258 3185 435 3244 luculenter
457 3186 597 3259 apparet,
620 3185 779 3258 quantum
801 3185 914 3244 incerti
934 3185 968 3242 in
986 3200 1021 3242 se
1037 3186 1177 3244 habeant
1189 3185 1391 3245 coniecturae

258 3292 340 3366 illae,
370 3293 399 3350 si
428 3307 483 3351 eas
512 3293 638 3350 excutis
664 3293 855 3367 penitusque
876 3292 1042 3351 enucleare
1063 3293 1184 3365 studes
1206 3308 1288 3366 quae
1308 3292 1390 3352 ratio

258 3399 448 3458 Menandrea
479 3399 589 3471 fuerit;
621 3414 737 3472 nempe
757 3399 785 3457 si
807 3399 878 3472 quis
899 3399 1082 3472 suspicatur
1103 3399 1255 3472 quiddam
1275 3399 1390 3457 immu-

257 3507 367 3564 tatum
389 3506 489 3563 fuisse
511 3521 529 3564 a
552 3507 709 3580 Terentio,
732 3506 883 3564 continuo
905 3505 978 3564 inde
998 3506 1151 3579 sequitur,
1172 3505 1271 3563 etiam
1283 3505 1387 3564 multo

258 3612 349 3686 plura
370 3627 444 3670 eum
467 3612 559 3670 aliter
572 3612 761 3670 instituisse.
784 3611 934 3685 Alioquin
948 3612 1088 3671 mutatio
1102 3612 1157 3670 illa
1168 3612 1388 3685 spectatorum

259 3719 385 3778 animos
415 3719 579 3777 advertere
607 3720 704 3792 atque
726 3719 803 3778 adeo
826 3718 983 3778 offendere
1004 3719 1147 3790 debebat,
1171 3718 1286 3791 quippe
1307 3733 1389 3790 quae

258 3824 397 3897 reliquae
409 3825 536 3883 fabulae
546 3841 661 3899 parum
672 3825 885 3898 responderet.
901 3825 1097 3899 Compositio
1110 3825 1195 3882 enim
1207 3825 1389 3883 fabularum

291 3990 311 4055 1)
330 3991 447 4046 Minime
465 3993 569 4047 accedo
587 3991 734 4062 Nemmio,
754 3993 802 4059 qui
821 4007 848 4059 p.
869 3993 920 4046 142
938 3993 992 4046 not
1011 3992 1025 4046 1
1045 3992 1131 4060 putat
1148 3991 1288 4046 Demeam
1300 3992 1389 4060 ,satis

255 4080 314 4134 iam
339 4081 548 4136 debacchatum
574 4083 610 4136 ad
628 4082 781 4136 consilium
799 4081 1015 4135 adsimulandae
1034 4080 1206 4135 clementiae
1225 4079 1391 4135 transisse.''

255 4167 486 4224 Debacchatione
514 4171 629 4224 animus
658 4171 746 4225 etiam
773 4171 867 4237 magis
897 4170 1002 4224 irritari
1030 4169 1113 4240 solet,
1140 4169 1312 4238 praesertim
1336 4169 1389 4224 viri

255 4258 439 4313 vehementis
458 4260 546 4326 atque
565 4260 728 4328 pertinacis,
749 4259 842 4326 qualis
860 4259 970 4313 Demea
988 4260 1041 4314 est.
