3386 5046
811 573 829 630 5

296 761 426 819 Praeter
446 759 606 818 diversam
629 758 822 818 scholiorum
845 758 1000 830 originem
1022 759 1201 817 notandum
1222 761 1272 818 est
1286 775 1387 834 genus

254 865 410 939 loquendi,
444 865 754 924 commentatoribus
786 865 956 924 usitatum.
990 865 1123 939 Saepius
1146 867 1240 940 enim,
1263 867 1387 941 siquid

255 972 382 1032 excellit
404 972 474 1030 sive
495 971 622 1044 propter
643 971 911 1045 pulchritudinem
934 972 1004 1029 sive
1025 972 1123 1031 aliam
1139 974 1271 1047 obrem,
1287 975 1387 1034 moris
1493 1037 1495 1041 ,

255 1079 304 1137 est
333 1077 528 1136 scholiastae
560 1077 714 1135 adnotare
742 1078 928 1136 Terentium
956 1078 1022 1137 tale
1050 1078 1124 1151 quid
1148 1080 1324 1152 repperisse
1355 1081 1387 1137 et

254 1185 466 1256 excogitasse.
496 1184 698 1256 Longissime
718 1185 830 1242 tamen
856 1199 876 1243 a
896 1200 971 1244 vero
995 1186 1131 1259 aberrat,
1154 1187 1208 1259 qui
1228 1188 1323 1259 putat
1343 1187 1387 1245 ibi

255 1291 441 1350 Terentium
464 1290 652 1348 discessisse
673 1290 712 1348 ab
736 1291 911 1364 exemplari
932 1303 994 1366 gr.;
1016 1294 1076 1352 hoc
1097 1294 1228 1352 tantum
1243 1294 1388 1352 statuere

253 1398 336 1472 licet,
363 1384 431 1455 ¹uhi
467 1398 635 1456 Terentius
670 1397 701 1454 et
734 1398 830 1470 poeta
860 1413 994 1471 graecus
1028 1399 1154 1458 disertis
1187 1399 1293 1458 verbis
1325 1400 1386 1458 siti

253 1505 393 1563 invicem
419 1505 631 1578 opponuntur.
652 1504 732 1562 Vide
746 1504 787 1564 H.
801 1505 834 1564 T.
846 1505 1050 1566 Karstenum.
1070 1506 1193 1566 Comm.
1205 1523 1234 1580 p.
1247 1507 1305 1566 205
1317 1522 1385 1580 sqq.

294 1613 427 1684 Insuper
455 1611 630 1669 tenendum
659 1611 708 1669 est
733 1611 765 1670 in
788 1611 905 1670 fabulis
926 1613 1157 1671 contaminatis
1175 1613 1386 1672 scholiastam

253 1719 304 1777 vel
327 1719 394 1777 eius
417 1719 540 1778 fontem
560 1719 692 1777 tantum
713 1719 894 1792 inspexisse
912 1719 1076 1792 exemplar
1095 1719 1293 1792 primarium.
1309 1719 1387 1780 Vide

253 1825 382 1885 linium
403 1841 433 1899 p.
456 1825 503 1884 13.
520 1825 725 1899 ,Hauserunt
735 1825 841 1899 igitur,
855 1841 937 1898 quae
948 1825 987 1883 de
998 1826 1137 1884 Terentii
1149 1826 1386 1899 exemplaribus

253 1933 376 2006 graecis
408 1932 603 1991 scholiastae
634 1933 766 2000 narrant
799 1947 817 1989 e
844 1932 952 1990 vetere
980 1933 1120 2005 quodam
1142 1934 1384 1992 commentario.

254 2040 315 2099 Sed
346 2040 400 2112 qui
432 2054 507 2097 eum
539 2039 811 2098 commentarium
834 2039 978 2113 scripsit,
1011 2055 1052 2097 ne
1072 2040 1141 2112 ipse
1163 2040 1291 2112 quidem
1312 2040 1387 2098 iudi-

252 2147 374 2206 candus
396 2149 445 2204 est
467 2148 500 2205 in
522 2146 752 2205 contaminatis
775 2147 915 2204 Terentii
938 2146 1053 2205 fabulis
1075 2147 1201 2219 praeter
1215 2147 1387 2220 principale

253 2254 438 2328 exemplum
470 2269 543 2312 eam
575 2268 701 2326 quoque
732 2252 907 2312 contulisse
938 2253 1091 2325 fabulam,
1126 2268 1166 2310 ex
1199 2269 1262 2326 qua
1284 2269 1387 2326 pauca

252 2363 383 2420 tantum
404 2361 572 2420 Terentius
592 2360 772 2419 adsciverit.
795 2359 883 2418 Haec
897 2360 1102 2433 neglegentia
1120 2361 1154 2418 in
1165 2363 1273 2419 vetere
1284 2377 1386 2434 gram·

253 2469 373 2527 matico
401 2483 457 2542 per
485 2483 520 2526 se
545 2468 623 2526 mihi
648 2467 775 2525 videtur
796 2483 895 2540 quam
917 2468 1086 2540 contraria,
1110 2483 1192 2539 quae
1212 2468 1279 2525 iam
1301 2467 1386 2540 flagi-

252 2576 350 2649 tatur,
380 2576 544 2648 diligentia
576 2574 793 2646 verisimilior,
821 2576 893 2632 tum
923 2575 1033 2632 autem
1057 2574 1211 2647 probatur
1233 2589 1278 2646 eo,
1302 2574 1386 2646 quod

252 2683 383 2741 tantum
412 2698 429 2740 e
457 2682 620 2740 Menandri
646 2681 766 2740 Andria
795 2682 826 2739 et
854 2682 1007 2739 Eunucho
1037 2681 1068 2738 et
1093 2680 1253 2753 Adelphis
1276 2681 1386 2753 princi·

252 2790 376 2863 palibus
396 2790 573 2848 latinarum
589 2788 772 2846 fabularum
794 2788 1023 2861 cognominum
1046 2787 1202 2860 exemplis
1228 2803 1291 2846 non
1305 2788 1385 2846 item

254 2912 271 2954 e
289 2897 459 2969 Perinthia,
479 2895 601 2968 Colace,
621 2895 916 2969 Synapothnescusi
932 2894 1114 2967 fragmenta
1125 2894 1217 2952 nobis
1231 2895 1385 2954 aDonato

252 3004 382 3062 servata
403 3003 510 3062 sunt''.

292 3111 427 3183 Reliqua
448 3109 578 3183 scholia,
595 3110 726 3182 tamea,
742 3123 825 3181 quae
845 3107 1093 3182 Umpscntuchus
1107 3106 1203 3180 edidit
1218 3107 1250 3164 in
1265 3107 1386 3165 Hermo

252 3217 305 3276 vol
326 3218 366 3278 ll.
388 3233 416 3290 p.
439 3218 496 3276 337
519 3231 587 3289 sqq,
607 3216 726 3274 hausta
745 3231 762 3272 e
778 3215 944 3286 Bembino,
964 3228 1062 3286 quam
1080 3228 1163 3285 quae
1177 3213 1231 3272 Fr.
1245 3212 1386 3271 Sclrlecus

253 3338 293 3382 ex
315 3324 475 3409 codicibus
498 3323 698 3382 Terentianis
721 3321 791 3380 aliis
814 3320 950 3393 collegit,
973 3319 1050 3378 nihil
1072 3320 1201 3391 habent,
1217 3319 1300 3392 quod
1312 3320 1385 3376 usui

252 3431 379 3489 cuidam
401 3430 481 3488 mihi
503 3445 574 3488 esse
594 3430 697 3503 possit
718 3429 751 3486 in
772 3429 833 3486 hac
855 3427 1084 3500 disquisitione.

292 3533 654 3610 Denique'argumenta
682 3551 701 3594 a
729 3535 922 3607 quibusdam
951 3534 1110 3592 ducuntur
1135 3549 1175 3591 ex
1196 3533 1385 3592 oeconomice

251 3642 343 3716 viliis,
376 3644 412 3700 ut
445 3643 616 3701 ostendant
649 3642 837 3700 Terentium
871 3640 989 3713 aliquid
1021 3633 1171 3699 omisisse
1203 3640 1258 3696 aut
1282 3639 1385 3696 aliena

251 3751 434 3809 inseruisse.
459 3750 548 3808 Haec
569 3764 645 3808 vero
666 3750 749 3808 ratio
770 3748 987 3806 incertissima
1009 3761 1046 3805 ac
1067 3746 1161 3805 valde
1181 3746 1303 3804 lubrica
1325 3747 1385 3804 est.

251 3857 337 3915 Num
379 3857 471 3915 extat
513 3856 631 3929 fabula,
675 3871 757 3928 quae
789 3855 1009 3928 repugnantiis
1049 3854 1181 3912 careat?
1220 3852 1384 3927 Quomodo

252 3963 447 4036 distinguere
458 3963 605 4022 valemus
618 3979 664 4037 ea,
677 3978 760 4035 quae
770 3963 837 4020 iam
849 3962 998 4035 primitus
1010 3974 1125 4033 parurn
1137 3961 1223 4018 recte
1234 3959 1385 4017 instituta

252 4071 343 4128 erant
366 4071 405 4128 ab
426 4070 475 4144 iis,
499 4086 581 4144 quae
601 4070 734 4128 turbata
755 4070 831 4127 sunt
855 4085 874 4127 a
896 4068 991 4142 poeta
1012 4067 1137 4126 latino?

252 4159 257 4164 ¹
292 4177 563 4236 Commemoratis
576 4178 839 4250 argumentorum
851 4175 929 4234 locis
941 4174 1014 4231 huic
1023 4173 1106 4247 parti
1114 4171 1210 4231 finem
1218 4173 1384 4245 imponam

252 4281 390 4340 breviter
411 4283 552 4342 notando
574 4284 702 4356 scripta,
725 4282 840 4355 quibus
862 4297 942 4340 usus
964 4295 1047 4340 sum.
