<?xml version="1.0" encoding="UTF-8"?>
<!DOCTYPE html PUBLIC "-//W3C//DTD XHTML 1.0 Transitional//EN"
    "http://www.w3.org/TR/xhtml1/DTD/xhtml1-transitional.dtd">
<html xmlns="http://www.w3.org/1999/xhtml" xml:lang="en" lang="en">
 <head>
  <title>
</title>
<meta http-equiv="Content-Type" content="text/html;charset=utf-8" />
  <meta name='ocr-system' content='tesseract 3.04.00' />
  <meta name='ocr-capabilities' content='ocr_page ocr_carea ocr_par ocr_line ocrx_word'/>
</head>
<body>
  <div class='ocr_page' id='page_1' title='image "./questionesteren00sipkgoog_0117.png"; bbox 0 0 3368 5046; ppageno 0'>
   <div class='ocr_carea' id='block_1_1' title="bbox 823 535 882 595">
    <p class='ocr_par' dir='ltr' id='par_1_1' title="bbox 823 535 882 595">
     <span class='ocr_line' id='line_1_1' title="bbox 823 535 882 595; baseline 0.017 -1"><span class='ocrx_word' id='word_1_1' title='bbox 823 535 882 595; x_wconf 88' lang='grc'>100</span> 
     </span>
    </p>
   </div>
   <div class='ocr_carea' id='block_1_2' title="bbox 287 720 1425 2290">
    <p class='ocr_par' dir='ltr' id='par_1_2' title="bbox 287 720 1422 1010">
     <span class='ocr_line' id='line_1_2' title="bbox 287 720 1422 799; baseline 0.002 -16"><span class='ocrx_word' id='word_1_2' title='bbox 287 723 348 798; x_wconf 88' lang='lat' dir='ltr'>sit;</span> <span class='ocrx_word' id='word_1_3' title='bbox 368 723 479 797; x_wconf 86' lang='lat' dir='ltr'>itaque</span> <span class='ocrx_word' id='word_1_4' title='bbox 499 737 574 782; x_wconf 91' lang='lat' dir='ltr'>cum</span> <span class='ocrx_word' id='word_1_5' title='bbox 595 736 742 782; x_wconf 87' lang='lat' dir='ltr'>seorsum</span> <span class='ocrx_word' id='word_1_6' title='bbox 764 720 872 782; x_wconf 84' lang='lat' dir='ltr'>exitus</span> <span class='ocrx_word' id='word_1_7' title='bbox 893 721 1076 781; x_wconf 88' lang='lat' dir='ltr'>servaretur</span> <span class='ocrx_word' id='word_1_8' title='bbox 1097 737 1201 796; x_wconf 85' lang='lat' dir='ltr'>neque</span> <span class='ocrx_word' id='word_1_9' title='bbox 1218 738 1254 784; x_wconf 90' lang='lat' dir='ltr'>eo</span> <span class='ocrx_word' id='word_1_10' title='bbox 1275 723 1354 799; x_wconf 88' lang='lat' dir='ltr'>loco,</span> <span class='ocrx_word' id='word_1_11' title='bbox 1370 725 1422 784; x_wconf 92' lang='lat' dir='ltr'>oui</span> 
     </span>
     <span class='ocr_line' id='line_1_3' title="bbox 288 827 1422 905; baseline 0.001 -15"><span class='ocrx_word' id='word_1_12' title='bbox 288 830 469 890; x_wconf 84' lang='lat' dir='ltr'>destinatus</span> <span class='ocrx_word' id='word_1_13' title='bbox 501 830 578 903; x_wconf 82' lang='lat' dir='ltr'>erat,</span> <span class='ocrx_word' id='word_1_14' title='bbox 611 829 732 902; x_wconf 88' lang='lat' dir='ltr'>optime</span> <span class='ocrx_word' id='word_1_15' title='bbox 762 827 830 888; x_wconf 89' lang='lat' dir='ltr'>fleri</span> <span class='ocrx_word' id='word_1_16' title='bbox 860 829 974 903; x_wconf 85' lang='lat' dir='ltr'>potuit,</span> <span class='ocrx_word' id='word_1_17' title='bbox 1006 829 1043 888; x_wconf 90' lang='lat' dir='ltr'>ut</span> <span class='ocrx_word' id='word_1_18' title='bbox 1074 844 1197 905; x_wconf 82' lang='lat' dir='ltr'>verene,</span> <span class='ocrx_word' id='word_1_19' title='bbox 1229 830 1321 890; x_wconf 90' lang='lat' dir='ltr'>illum</span> <span class='ocrx_word' id='word_1_20' title='bbox 1346 846 1422 892; x_wconf 89' lang='lat' dir='ltr'>cum</span> 
     </span>
     <span class='ocr_line' id='line_1_4' title="bbox 288 933 970 1010; baseline -0.004 -13"><span class='ocrx_word' id='word_1_21' title='bbox 288 937 417 1010; x_wconf 87' lang='lat' dir='ltr'>reliquis</span> <span class='ocrx_word' id='word_1_22' title='bbox 438 937 677 1010; x_wconf 68' lang='lat' dir='ltr'>coniungentes</span> <span class='ocrx_word' id='word_1_23' title='bbox 698 936 926 997; x_wconf 71' lang='lat' dir='ltr'>interciderint.</span> <span class='ocrx_word' id='word_1_24' title='bbox 951 933 970 1008; x_wconf 88' lang='lat'>¹)</span> 
     </span>
    </p>

    <p class='ocr_par' dir='ltr' id='par_1_3' title="bbox 288 1041 1422 1317">
     <span class='ocr_line' id='line_1_5' title="bbox 328 1041 1422 1117; baseline 0.003 -14"><span class='ocrx_word' id='word_1_25' title='bbox 328 1044 400 1103; x_wconf 89' lang='lat' dir='ltr'>Iam</span> <span class='ocrx_word' id='word_1_26' title='bbox 413 1044 493 1103; x_wconf 88' lang='lat' dir='ltr'>haec</span> <span class='ocrx_word' id='word_1_27' title='bbox 507 1043 599 1102; x_wconf 88' lang='lat' dir='ltr'>oredo</span> <span class='ocrx_word' id='word_1_28' title='bbox 613 1041 784 1117; x_wconf 84' lang='lat' dir='ltr'>sufficiunt,</span> <span class='ocrx_word' id='word_1_29' title='bbox 800 1042 973 1116; x_wconf 86' lang='lat' dir='ltr'><strong>quominus</strong></span> <span class='ocrx_word' id='word_1_30' title='bbox 984 1043 1111 1102; x_wconf 84' lang='lat' dir='ltr'>exitum</span> <span class='ocrx_word' id='word_1_31' title='bbox 1123 1043 1260 1102; x_wconf 85' lang='lat' dir='ltr'>alterum</span> <span class='ocrx_word' id='word_1_32' title='bbox 1273 1043 1422 1106; x_wconf 81' lang='lat' dir='ltr'>Terentio</span> 
     </span>
     <span class='ocr_line' id='line_1_6' title="bbox 288 1149 1422 1226; baseline 0 -16"><span class='ocrx_word' id='word_1_33' title='bbox 288 1150 493 1210; x_wconf 84' lang='lat' dir='ltr'>tribuendum</span> <span class='ocrx_word' id='word_1_34' title='bbox 513 1164 585 1208; x_wconf 84' lang='lat' dir='ltr'>esse</span> <span class='ocrx_word' id='word_1_35' title='bbox 605 1163 805 1210; x_wconf 87' lang='lat' dir='ltr'>censeamus.</span> <span class='ocrx_word' id='word_1_36' title='bbox 836 1149 915 1224; x_wconf 81' lang='lat' dir='ltr'>Quid</span> <span class='ocrx_word' id='word_1_37' title='bbox 936 1149 1148 1210; x_wconf 87' lang='lat' dir='ltr'>statuendum</span> <span class='ocrx_word' id='word_1_38' title='bbox 1169 1149 1208 1208; x_wconf 88' lang='lat' dir='ltr'>de</span> <span class='ocrx_word' id='word_1_39' title='bbox 1227 1151 1332 1226; x_wconf 87' lang='lat' dir='ltr'>tertio,</span> <span class='ocrx_word' id='word_1_40' title='bbox 1354 1151 1422 1212; x_wconf 91' lang='lat' dir='ltr'>iam</span> 
     </span>
     <span class='ocr_line' id='line_1_7' title="bbox 289 1257 479 1317; baseline 0.005 -1"><span class='ocrx_word' id='word_1_41' title='bbox 289 1257 479 1317; x_wconf 85' lang='lat' dir='ltr'>videbimus.</span> 
     </span>
    </p>

    <p class='ocr_par' dir='ltr' id='par_1_4' title="bbox 288 1362 1423 1863">
     <span class='ocr_line' id='line_1_8' title="bbox 308 1362 1422 1440; baseline -0.001 -17"><span class='ocrx_word' id='word_1_42' title='bbox 308 1364 424 1424; x_wconf 80' lang='lat' dir='ltr'><strong>Exitus</strong></span> <span class='ocrx_word' id='word_1_43' title='bbox 444 1363 505 1437; x_wconf 88' lang='lat' dir='ltr'>ille,</span> <span class='ocrx_word' id='word_1_44' title='bbox 528 1363 618 1422; x_wconf 87' lang='lat' dir='ltr'>cuius</span> <span class='ocrx_word' id='word_1_45' title='bbox 639 1362 762 1436; x_wconf 84' lang='lat' dir='ltr'>primus</span> <span class='ocrx_word' id='word_1_46' title='bbox 783 1362 982 1422; x_wconf 80' lang='lat' dir='ltr'>mentionem</span> <span class='ocrx_word' id='word_1_47' title='bbox 1003 1363 1078 1424; x_wconf 86' lang='lat' dir='ltr'>fecit</span> <span class='ocrx_word' id='word_1_48' title='bbox 1101 1362 1182 1424; x_wconf 83' lang='lat' dir='ltr'>Frid.</span> <span class='ocrx_word' id='word_1_49' title='bbox 1215 1364 1422 1440; x_wconf 81' lang='lat' dir='ltr'>Schmidtius,</span> 
     </span>
     <span class='ocr_line' id='line_1_9' title="bbox 288 1469 1421 1546; baseline 0.001 -16"><span class='ocrx_word' id='word_1_50' title='bbox 288 1471 393 1530; x_wconf 86' lang='lat' dir='ltr'>Ueber</span> <span class='ocrx_word' id='word_1_51' title='bbox 414 1470 464 1528; x_wconf 90' lang='lat' dir='ltr'>die</span> <span class='ocrx_word' id='word_1_52' title='bbox 485 1469 562 1529; x_wconf 89' lang='lat' dir='ltr'>Zahl</span> <span class='ocrx_word' id='word_1_53' title='bbox 584 1469 638 1528; x_wconf 91' lang='lat' dir='ltr'>der</span> <span class='ocrx_word' id='word_1_54' title='bbox 660 1469 880 1542; x_wconf 83' lang='lat' dir='ltr'>schauspieler</span> <span class='ocrx_word' id='word_1_55' title='bbox 894 1469 945 1528; x_wconf 90' lang='lat' dir='ltr'>bei</span> <span class='ocrx_word' id='word_1_56' title='bbox 960 1469 1095 1528; x_wconf 85' lang='lat' dir='ltr'>Plautus</span> <span class='ocrx_word' id='word_1_57' title='bbox 1110 1469 1176 1528; x_wconf 90' lang='lat' dir='ltr'>und</span> <span class='ocrx_word' id='word_1_58' title='bbox 1194 1471 1315 1530; x_wconf 80' lang='lat' dir='ltr'>Terenz</span> <span class='ocrx_word' id='word_1_59' title='bbox 1329 1487 1359 1544; x_wconf 89' lang='lat' dir='ltr'>p.</span> <span class='ocrx_word' id='word_1_60' title='bbox 1373 1473 1421 1546; x_wconf 85' lang='lat'>39,</span> 
     </span>
     <span class='ocr_line' id='line_1_10' title="bbox 290 1576 1423 1652; baseline -0.001 -15"><span class='ocrx_word' id='word_1_61' title='bbox 290 1593 319 1638; x_wconf 87' lang='lat' dir='ltr'>a.</span> <span class='ocrx_word' id='word_1_62' title='bbox 341 1579 427 1650; x_wconf 83' lang='grc'><strong>1870,</strong></span> <span class='ocrx_word' id='word_1_63' title='bbox 451 1576 504 1635; x_wconf 91' lang='lat' dir='ltr'>diu</span> <span class='ocrx_word' id='word_1_64' title='bbox 523 1576 557 1634; x_wconf 91' lang='lat' dir='ltr'>in</span> <span class='ocrx_word' id='word_1_65' title='bbox 578 1576 685 1636; x_wconf 91' lang='lat' dir='ltr'>codice</span> <span class='ocrx_word' id='word_1_66' title='bbox 698 1576 894 1650; x_wconf 80' lang='lat' dir='ltr'>Erlangensi,</span> <span class='ocrx_word' id='word_1_67' title='bbox 916 1576 1026 1650; x_wconf 86' lang='lat' dir='ltr'>inquo</span> <span class='ocrx_word' id='word_1_68' title='bbox 1041 1576 1109 1636; x_wconf 94' lang='lat' dir='ltr'>solo</span> <span class='ocrx_word' id='word_1_69' title='bbox 1124 1578 1281 1652; x_wconf 86' lang='lat' dir='ltr'>servat-ur,</span> <span class='ocrx_word' id='word_1_70' title='bbox 1297 1577 1423 1636; x_wconf 85' lang='lat' dir='ltr'>delituit</span> 
     </span>
     <span class='ocr_line' id='line_1_11' title="bbox 291 1682 1423 1758; baseline 0 -14"><span class='ocrx_word' id='word_1_71' title='bbox 291 1685 388 1758; x_wconf 87' lang='lat' dir='ltr'>atque</span> <span class='ocrx_word' id='word_1_72' title='bbox 415 1683 507 1742; x_wconf 86' lang='lat' dir='ltr'>hisce</span> <span class='ocrx_word' id='word_1_73' title='bbox 530 1683 661 1742; x_wconf 91' lang='lat' dir='ltr'>demum</span> <span class='ocrx_word' id='word_1_74' title='bbox 690 1683 781 1742; x_wconf 87' lang='lat' dir='ltr'>annis</span> <span class='ocrx_word' id='word_1_75' title='bbox 804 1698 823 1742; x_wconf 89' lang='lat' dir='ltr'>a</span> <span class='ocrx_word' id='word_1_76' title='bbox 843 1682 1045 1743; x_wconf 80' lang='lat' dir='ltr'>Falldrechtio</span> <span class='ocrx_word' id='word_1_77' title='bbox 1066 1685 1176 1742; x_wconf 86' lang='lat' dir='ltr'>erutus</span> <span class='ocrx_word' id='word_1_78' title='bbox 1199 1685 1297 1757; x_wconf 89' lang='lat' dir='ltr'>atque</span> <span class='ocrx_word' id='word_1_79' title='bbox 1318 1685 1423 1744; x_wconf 88' lang='lat' dir='ltr'>editus</span> 
     </span>
     <span class='ocr_line' id='line_1_12' title="bbox 291 1790 708 1863; baseline 0 -13"><span class='ocrx_word' id='word_1_80' title='bbox 291 1791 350 1852; x_wconf 90' lang='lat' dir='ltr'>est.</span> <span class='ocrx_word' id='word_1_81' title='bbox 391 1790 471 1849; x_wconf 86' lang='lat' dir='ltr'>Vide</span> <span class='ocrx_word' id='word_1_82' title='bbox 493 1790 708 1863; x_wconf 82' lang='lat' dir='ltr'>appendicem.</span> 
     </span>
    </p>

    <p class='ocr_par' dir='ltr' id='par_1_5' title="bbox 290 1895 1425 2290">
     <span class='ocr_line' id='line_1_13' title="bbox 330 1895 1422 1972; baseline 0 -14"><span class='ocrx_word' id='word_1_83' title='bbox 330 1899 377 1958; x_wconf 82' lang='lat' dir='ltr'>Ac</span> <span class='ocrx_word' id='word_1_84' title='bbox 408 1897 548 1970; x_wconf 87' lang='lat' dir='ltr'>primum</span> <span class='ocrx_word' id='word_1_85' title='bbox 578 1897 630 1956; x_wconf 90' lang='lat' dir='ltr'>hic</span> <span class='ocrx_word' id='word_1_86' title='bbox 661 1911 787 1970; x_wconf 85' lang='lat' dir='ltr'>quoque</span> <span class='ocrx_word' id='word_1_87' title='bbox 818 1895 927 1956; x_wconf 89' lang='lat' dir='ltr'>exitus</span> <span class='ocrx_word' id='word_1_88' title='bbox 957 1896 990 1956; x_wconf 92' lang='lat' dir='ltr'>in</span> <span class='ocrx_word' id='word_1_89' title='bbox 1019 1897 1127 1958; x_wconf 87' lang='lat' dir='ltr'>codice</span> <span class='ocrx_word' id='word_1_90' title='bbox 1147 1897 1335 1972; x_wconf 82' lang='lat' dir='ltr'>Erlangensi</span> <span class='ocrx_word' id='word_1_91' title='bbox 1357 1913 1422 1958; x_wconf 90' lang='lat' dir='ltr'>non</span> 
     </span>
     <span class='ocr_line' id='line_1_14' title="bbox 290 2002 1425 2077; baseline 0.002 -15"><span class='ocrx_word' id='word_1_92' title='bbox 290 2003 324 2062; x_wconf 88' lang='lat' dir='ltr'>in</span> <span class='ocrx_word' id='word_1_93' title='bbox 345 2003 536 2063; x_wconf 85' lang='lat' dir='ltr'>contextum</span> <span class='ocrx_word' id='word_1_94' title='bbox 556 2003 703 2076; x_wconf 86' lang='lat' dir='ltr'>receptus</span> <span class='ocrx_word' id='word_1_95' title='bbox 725 2003 784 2077; x_wconf 85' lang='lat' dir='ltr'>est,</span> <span class='ocrx_word' id='word_1_96' title='bbox 807 2002 909 2062; x_wconf 89' lang='lat' dir='ltr'>sedin</span> <span class='ocrx_word' id='word_1_97' title='bbox 924 2003 1043 2076; x_wconf 84' lang='lat' dir='ltr'>pagina</span> <span class='ocrx_word' id='word_1_98' title='bbox 1057 2002 1198 2063; x_wconf 89' lang='lat' dir='ltr'>secunda</span> <span class='ocrx_word' id='word_1_99' title='bbox 1212 2004 1286 2077; x_wconf 84' lang='lat' dir='ltr'>post</span> <span class='ocrx_word' id='word_1_100' title='bbox 1301 2003 1425 2064; x_wconf 88' lang='lat' dir='ltr'>scholia</span> 
     </span>
     <span class='ocr_line' id='line_1_15' title="bbox 290 2109 1425 2182; baseline 0 -12"><span class='ocrx_word' id='word_1_101' title='bbox 290 2109 445 2170; x_wconf 91' lang='lat' dir='ltr'>nonnulla</span> <span class='ocrx_word' id='word_1_102' title='bbox 464 2109 590 2182; x_wconf 84' lang='lat' dir='ltr'>legitur.</span> <span class='ocrx_word' id='word_1_103' title='bbox 625 2109 794 2168; x_wconf 86' lang='lat' dir='ltr'>Praeterea</span> <span class='ocrx_word' id='word_1_104' title='bbox 814 2109 916 2169; x_wconf 88' lang='lat' dir='ltr'>editor</span> <span class='ocrx_word' id='word_1_105' title='bbox 937 2109 1192 2171; x_wconf 78' lang='lat' dir='ltr'>vindobonensis</span> <span class='ocrx_word' id='word_1_106' title='bbox 1213 2110 1296 2170; x_wconf 89' lang='lat' dir='ltr'>satis</span> <span class='ocrx_word' id='word_1_107' title='bbox 1317 2109 1425 2170; x_wconf 90' lang='lat' dir='ltr'>multa</span> 
     </span>
     <span class='ocr_line' id='line_1_16' title="bbox 291 2215 1425 2290; baseline 0 -14"><span class='ocrx_word' id='word_1_108' title='bbox 291 2216 418 2278; x_wconf 84' lang='lat' dir='ltr'>notavit</span> <span class='ocrx_word' id='word_1_109' title='bbox 438 2216 471 2275; x_wconf 89' lang='lat' dir='ltr'>iu</span> <span class='ocrx_word' id='word_1_110' title='bbox 492 2231 641 2278; x_wconf 84' lang='lat' dir='ltr'>sermone</span> <span class='ocrx_word' id='word_1_111' title='bbox 661 2217 756 2278; x_wconf 90' lang='lat' dir='ltr'>huius</span> <span class='ocrx_word' id='word_1_112' title='bbox 778 2215 961 2288; x_wconf 79' lang='lat' dir='ltr'>fragmenti,</span> <span class='ocrx_word' id='word_1_113' title='bbox 988 2232 1072 2290; x_wconf 85' lang='lat' dir='ltr'>quae</span> <span class='ocrx_word' id='word_1_114' title='bbox 1093 2217 1241 2276; x_wconf 78' lang='lat' dir='ltr'>Terentio</span> <span class='ocrx_word' id='word_1_115' title='bbox 1262 2216 1425 2290; x_wconf 87' lang='lat' dir='ltr'>imputare</span> 
     </span>
    </p>
   </div>
   <div class='ocr_carea' id='block_1_3' title="bbox 292 2319 1538 2397">
    <p class='ocr_par' dir='ltr' id='par_1_6' title="bbox 292 2319 1538 2397">
     <span class='ocr_line' id='line_1_17' title="bbox 292 2319 1538 2397; baseline 0 -15"><span class='ocrx_word' id='word_1_116' title='bbox 292 2323 427 2385; x_wconf 84' lang='lat' dir='ltr'>dubites.</span> <span class='ocrx_word' id='word_1_117' title='bbox 468 2322 547 2382; x_wconf 90' lang='lat' dir='ltr'>Vide</span> <span class='ocrx_word' id='word_1_118' title='bbox 567 2339 596 2397; x_wconf 92' lang='lat' dir='ltr'>p.</span> <span class='ocrx_word' id='word_1_119' title='bbox 619 2325 657 2382; x_wconf 77' lang='lat'>29</span> <span class='ocrx_word' id='word_1_120' title='bbox 678 2338 747 2396; x_wconf 87' lang='lat' dir='ltr'>sqq.</span> <span class='ocrx_word' id='word_1_121' title='bbox 768 2323 932 2397; x_wconf 89' lang='lat' dir='ltr'>Imprimis</span> <span class='ocrx_word' id='word_1_122' title='bbox 953 2319 1143 2384; x_wconf 83' lang='lat' dir='ltr'>offendimur</span> <span class='ocrx_word' id='word_1_123' title='bbox 1163 2339 1194 2385; x_wconf 90' lang='lat' dir='ltr'>v.</span> <span class='ocrx_word' id='word_1_124' title='bbox 1211 2325 1248 2383; x_wconf 85' lang='lat'>13</span> <span class='ocrx_word' id='word_1_125' title='bbox 1262 2323 1424 2385; x_wconf 88' lang='lat' dir='ltr'>locutione</span> <span class='ocrx_word' id='word_1_126' title='bbox 1535 2387 1538 2392; x_wconf 56' lang='grc'>,</span> 
     </span>
    </p>
   </div>
   <div class='ocr_carea' id='block_1_4' title="bbox 291 2429 1429 3985">
    <p class='ocr_par' dir='ltr' id='par_1_7' title="bbox 291 2429 1426 3145">
     <span class='ocr_line' id='line_1_18' title="bbox 293 2429 1422 2506; baseline -0.001 -15"><span class='ocrx_word' id='word_1_127' title='bbox 293 2430 495 2506; x_wconf 78' lang='lat' dir='ltr'>„complicuit</span> <span class='ocrx_word' id='word_1_128' title='bbox 517 2429 732 2503; x_wconf 86' lang='lat' dir='ltr'>amicitiam&#39;’;</span> <span class='ocrx_word' id='word_1_129' title='bbox 754 2445 785 2492; x_wconf 88' lang='lat' dir='ltr'>v.</span> <span class='ocrx_word' id='word_1_130' title='bbox 808 2431 845 2490; x_wconf 83' lang='grc'>17</span> <span class='ocrx_word' id='word_1_131' title='bbox 869 2430 953 2506; x_wconf 83' lang='lat' dir='ltr'>„iam</span> <span class='ocrx_word' id='word_1_132' title='bbox 968 2429 1008 2490; x_wconf 89' lang='lat' dir='ltr'>ad</span> <span class='ocrx_word' id='word_1_133' title='bbox 1022 2445 1082 2491; x_wconf 83' lang='lat' dir='ltr'>nos</span> <span class='ocrx_word' id='word_1_134' title='bbox 1097 2430 1210 2490; x_wconf 84' lang='lat' dir='ltr'>adduci</span> <span class='ocrx_word' id='word_1_135' title='bbox 1224 2431 1318 2490; x_wconf 91' lang='lat' dir='ltr'>tuam</span> <span class='ocrx_word' id='word_1_136' title='bbox 1333 2430 1422 2505; x_wconf 80' lang='lat' dir='ltr'>feci,”</span> 
     </span>
     <span class='ocr_line' id='line_1_19' title="bbox 291 2534 1423 2614; baseline -0.003 -17"><span class='ocrx_word' id='word_1_137' title='bbox 291 2538 346 2597; x_wconf 89' lang='lat' dir='ltr'>ubi</span> <span class='ocrx_word' id='word_1_138' title='bbox 367 2538 472 2614; x_wconf 80' lang='lat' dir='ltr'>fucere</span> <span class='ocrx_word' id='word_1_139' title='bbox 499 2552 574 2596; x_wconf 91' lang='lat' dir='ltr'>cum</span> <span class='ocrx_word' id='word_1_140' title='bbox 601 2534 759 2597; x_wconf 86' lang='lat' dir='ltr'>infinitivo</span> <span class='ocrx_word' id='word_1_141' title='bbox 785 2537 907 2611; x_wconf 81' lang='lat' dir='ltr'>passivi</span> <span class='ocrx_word' id='word_1_142' title='bbox 934 2552 990 2611; x_wconf 92' lang='lat' dir='ltr'>pro</span> <span class='ocrx_word' id='word_1_143' title='bbox 1017 2537 1146 2596; x_wconf 86' lang='lat' dir='ltr'>iubendi</span> <span class='ocrx_word' id='word_1_144' title='bbox 1166 2537 1263 2597; x_wconf 87' lang='lat' dir='ltr'>verbo</span> <span class='ocrx_word' id='word_1_145' title='bbox 1284 2537 1423 2612; x_wconf 86' lang='lat' dir='ltr'>ponitur,</span> 
     </span>
     <span class='ocr_line' id='line_1_20' title="bbox 292 2643 1425 2718; baseline 0.001 -15"><span class='ocrx_word' id='word_1_146' title='bbox 292 2659 375 2718; x_wconf 85' lang='lat' dir='ltr'>quae</span> <span class='ocrx_word' id='word_1_147' title='bbox 402 2644 599 2705; x_wconf 87' lang='lat' dir='ltr'>constructio</span> <span class='ocrx_word' id='word_1_148' title='bbox 627 2644 776 2704; x_wconf 82' lang='lat' dir='ltr'>abhorret</span> <span class='ocrx_word' id='word_1_149' title='bbox 798 2659 817 2705; x_wconf 92' lang='lat' dir='ltr'>a</span> <span class='ocrx_word' id='word_1_150' title='bbox 838 2643 973 2704; x_wconf 87' lang='lat' dir='ltr'>classico</span> <span class='ocrx_word' id='word_1_151' title='bbox 1001 2644 1159 2703; x_wconf 89' lang='lat' dir='ltr'>scribendi</span> <span class='ocrx_word' id='word_1_152' title='bbox 1179 2658 1310 2718; x_wconf 86' lang='lat' dir='ltr'>genere;</span> <span class='ocrx_word' id='word_1_153' title='bbox 1332 2660 1363 2704; x_wconf 88' lang='lat' dir='ltr'>v.</span> <span class='ocrx_word' id='word_1_154' title='bbox 1386 2645 1425 2704; x_wconf 86' lang='lat'>18</span> 
     </span>
     <span class='ocr_line' id='line_1_21' title="bbox 294 2750 1425 2826; baseline 0 -16"><span class='ocrx_word' id='word_1_155' title='bbox 294 2752 442 2826; x_wconf 86' lang='lat' dir='ltr'>„nuptias</span> <span class='ocrx_word' id='word_1_156' title='bbox 456 2751 725 2825; x_wconf 82' lang='lat' dir='ltr'>ingeminamus”,</span> <span class='ocrx_word' id='word_1_157' title='bbox 740 2765 940 2823; x_wconf 88' lang='lat' dir='ltr'>quamquam</span> <span class='ocrx_word' id='word_1_158' title='bbox 956 2750 1126 2810; x_wconf 82' lang='lat' dir='ltr'>Terentius</span> <span class='ocrx_word' id='word_1_159' title='bbox 1137 2751 1230 2810; x_wconf 87' lang='lat' dir='ltr'>unice</span> <span class='ocrx_word' id='word_1_160' title='bbox 1240 2750 1425 2824; x_wconf 84' lang='lat' dir='ltr'>geminandi</span> 
     </span>
     <span class='ocr_line' id='line_1_22' title="bbox 292 2857 1426 2932; baseline 0.002 -18"><span class='ocrx_word' id='word_1_161' title='bbox 292 2857 427 2915; x_wconf 87' lang='lat' dir='ltr'>verbum</span> <span class='ocrx_word' id='word_1_162' title='bbox 456 2857 594 2917; x_wconf 86' lang='lat' dir='ltr'>adhibet.</span> <span class='ocrx_word' id='word_1_163' title='bbox 636 2858 723 2932; x_wconf 77' lang='lat' dir='ltr'>Quae</span> <span class='ocrx_word' id='word_1_164' title='bbox 750 2857 941 2918; x_wconf 86' lang='lat' dir='ltr'>offensiones</span> <span class='ocrx_word' id='word_1_165' title='bbox 974 2857 1131 2917; x_wconf 84' lang='lat' dir='ltr'>eiusmodi</span> <span class='ocrx_word' id='word_1_166' title='bbox 1151 2857 1237 2931; x_wconf 84' lang='lat' dir='ltr'>sunt,</span> <span class='ocrx_word' id='word_1_167' title='bbox 1259 2858 1296 2916; x_wconf 89' lang='lat' dir='ltr'>ut</span> <span class='ocrx_word' id='word_1_168' title='bbox 1318 2872 1382 2917; x_wconf 92' lang='lat' dir='ltr'>non</span> <span class='ocrx_word' id='word_1_169' title='bbox 1404 2873 1426 2916; x_wconf 90' lang='lat' dir='ltr'>a</span> 
     </span>
     <span class='ocr_line' id='line_1_23' title="bbox 292 2963 1425 3038; baseline 0.001 -17"><span class='ocrx_word' id='word_1_170' title='bbox 292 2963 430 3037; x_wconf 89' lang='lat' dir='ltr'>librario,</span> <span class='ocrx_word' id='word_1_171' title='bbox 452 2978 567 3037; x_wconf 87' lang='lat' dir='ltr'>parum</span> <span class='ocrx_word' id='word_1_172' title='bbox 587 2977 657 3022; x_wconf 89' lang='lat' dir='ltr'>rem</span> <span class='ocrx_word' id='word_1_173' title='bbox 679 2979 772 3023; x_wconf 89' lang='lat' dir='ltr'>suam</span> <span class='ocrx_word' id='word_1_174' title='bbox 796 2965 919 3038; x_wconf 85' lang='lat' dir='ltr'>agente,</span> <span class='ocrx_word' id='word_1_175' title='bbox 942 2963 1105 3038; x_wconf 79' lang='lat' dir='ltr'>protectae</span> <span class='ocrx_word' id='word_1_176' title='bbox 1126 2979 1198 3023; x_wconf 85' lang='lat' dir='ltr'>esse</span> <span class='ocrx_word' id='word_1_177' title='bbox 1217 2964 1353 3038; x_wconf 80' lang='lat' dir='ltr'>possint,</span> <span class='ocrx_word' id='word_1_178' title='bbox 1368 2963 1425 3022; x_wconf 90' lang='lat' dir='ltr'>sed</span> 
     </span>
     <span class='ocr_line' id='line_1_24' title="bbox 293 3069 1403 3145; baseline 0.002 -17"><span class='ocrx_word' id='word_1_179' title='bbox 293 3070 418 3128; x_wconf 86' lang='lat' dir='ltr'>certum</span> <span class='ocrx_word' id='word_1_180' title='bbox 439 3069 581 3144; x_wconf 86' lang='lat' dir='ltr'>reddant,</span> <span class='ocrx_word' id='word_1_181' title='bbox 604 3085 645 3129; x_wconf 91' lang='lat' dir='ltr'>ue</span> <span class='ocrx_word' id='word_1_182' title='bbox 665 3071 750 3130; x_wconf 89' lang='lat' dir='ltr'>hunc</span> <span class='ocrx_word' id='word_1_183' title='bbox 772 3071 901 3144; x_wconf 88' lang='lat' dir='ltr'>quidem</span> <span class='ocrx_word' id='word_1_184' title='bbox 923 3071 1048 3130; x_wconf 85' lang='lat' dir='ltr'>exitum</span> <span class='ocrx_word' id='word_1_185' title='bbox 1069 3072 1185 3144; x_wconf 88' lang='lat' dir='ltr'>poetae</span> <span class='ocrx_word' id='word_1_186' title='bbox 1204 3071 1266 3145; x_wconf 88' lang='lat' dir='ltr'>ipsi</span> <span class='ocrx_word' id='word_1_187' title='bbox 1287 3070 1403 3130; x_wconf 88' lang='lat' dir='ltr'>deberi.</span> 
     </span>
    </p>

    <p class='ocr_par' dir='ltr' id='par_1_8' title="bbox 293 3177 1428 3465">
     <span class='ocr_line' id='line_1_25' title="bbox 334 3177 1428 3252; baseline 0 -16"><span class='ocrx_word' id='word_1_188' title='bbox 334 3177 615 3250; x_wconf 86' lang='lat' dir='ltr'>Recognoscamus</span> <span class='ocrx_word' id='word_1_189' title='bbox 641 3177 717 3252; x_wconf 91' lang='lat' dir='ltr'>iam,</span> <span class='ocrx_word' id='word_1_190' title='bbox 745 3192 828 3250; x_wconf 88' lang='lat' dir='ltr'>quae</span> <span class='ocrx_word' id='word_1_191' title='bbox 854 3178 887 3236; x_wconf 92' lang='lat' dir='ltr'>in</span> <span class='ocrx_word' id='word_1_192' title='bbox 909 3177 999 3236; x_wconf 86' lang='lat' dir='ltr'>exitu</span> <span class='ocrx_word' id='word_1_193' title='bbox 1021 3180 1038 3237; x_wconf 83' lang='lat'><strong>2</strong></span> <span class='ocrx_word' id='word_1_194' title='bbox 1059 3178 1199 3237; x_wconf 86' lang='lat' dir='ltr'>Andriae</span> <span class='ocrx_word' id='word_1_195' title='bbox 1219 3177 1428 3238; x_wconf 90' lang='lat' dir='ltr'>oeconomiae</span> 
     </span>
     <span class='ocr_line' id='line_1_26' title="bbox 293 3283 1427 3358; baseline 0.002 -16"><span class='ocrx_word' id='word_1_196' title='bbox 293 3283 503 3342; x_wconf 85' lang='lat' dir='ltr'>illustrandae</span> <span class='ocrx_word' id='word_1_197' title='bbox 523 3283 677 3342; x_wconf 85' lang='lat' dir='ltr'>inservire</span> <span class='ocrx_word' id='word_1_198' title='bbox 697 3285 832 3358; x_wconf 85' lang='lat' dir='ltr'>possint.</span> <span class='ocrx_word' id='word_1_199' title='bbox 855 3285 1000 3344; x_wconf 89' lang='lat' dir='ltr'>Primum</span> <span class='ocrx_word' id='word_1_200' title='bbox 1019 3284 1171 3345; x_wconf 85' lang='lat' dir='ltr'>notabilis</span> <span class='ocrx_word' id='word_1_201' title='bbox 1192 3285 1284 3345; x_wconf 74' lang='lat' dir='ltr'>estu.</span> <span class='ocrx_word' id='word_1_202' title='bbox 1296 3286 1324 3344; x_wconf 84' lang='grc'>2.</span> <span class='ocrx_word' id='word_1_203' title='bbox 1337 3285 1427 3355; x_wconf 78' lang='grc'><strong>(983).</strong></span> 
     </span>
     <span class='ocr_line' id='line_1_27' title="bbox 315 3389 1405 3465; baseline -0.002 -13"><span class='ocrx_word' id='word_1_204' title='bbox 315 3391 452 3464; x_wconf 83' lang='lat' dir='ltr'>Operam</span> <span class='ocrx_word' id='word_1_205' title='bbox 474 3389 553 3464; x_wconf 84' lang='lat' dir='ltr'>dedi,</span> <span class='ocrx_word' id='word_1_206' title='bbox 575 3405 616 3450; x_wconf 85' lang='lat' dir='ltr'>ne</span> <span class='ocrx_word' id='word_1_207' title='bbox 637 3405 690 3450; x_wconf 90' lang='lat' dir='ltr'>me</span> <span class='ocrx_word' id='word_1_208' title='bbox 711 3405 783 3449; x_wconf 86' lang='lat' dir='ltr'>esse</span> <span class='ocrx_word' id='word_1_209' title='bbox 798 3390 935 3450; x_wconf 88' lang='lat' dir='ltr'>oblitum</span> <span class='ocrx_word' id='word_1_210' title='bbox 951 3391 1038 3450; x_wconf 88' lang='lat' dir='ltr'>dicas</span> <span class='ocrx_word' id='word_1_211' title='bbox 1051 3391 1129 3450; x_wconf 84' lang='lat' dir='ltr'>tuae</span> <span class='ocrx_word' id='word_1_212' title='bbox 1142 3392 1261 3465; x_wconf 83' lang='lat' dir='ltr'>gnatae</span> <span class='ocrx_word' id='word_1_213' title='bbox 1275 3390 1405 3450; x_wconf 83' lang='lat' dir='ltr'>alterae.</span> 
     </span>
    </p>

    <p class='ocr_par' dir='ltr' id='par_1_9' title="bbox 295 3497 1429 3985">
     <span class='ocr_line' id='line_1_28' title="bbox 336 3497 1428 3572; baseline 0 -16"><span class='ocrx_word' id='word_1_214' title='bbox 336 3497 417 3556; x_wconf 85' lang='lat' dir='ltr'>Sunt</span> <span class='ocrx_word' id='word_1_215' title='bbox 449 3497 502 3571; x_wconf 87' lang='lat' dir='ltr'>qui</span> <span class='ocrx_word' id='word_1_216' title='bbox 534 3498 650 3571; x_wconf 81' lang='lat' dir='ltr'>negent</span> <span class='ocrx_word' id='word_1_217' title='bbox 681 3498 741 3557; x_wconf 87' lang='lat' dir='ltr'>hoc</span> <span class='ocrx_word' id='word_1_218' title='bbox 774 3498 848 3571; x_wconf 89' lang='lat' dir='ltr'>apte</span> <span class='ocrx_word' id='word_1_219' title='bbox 880 3497 940 3557; x_wconf 91' lang='lat' dir='ltr'>dici</span> <span class='ocrx_word' id='word_1_220' title='bbox 971 3513 1067 3572; x_wconf 85' lang='lat' dir='ltr'>posse</span> <span class='ocrx_word' id='word_1_221' title='bbox 1095 3513 1114 3557; x_wconf 85' lang='lat' dir='ltr'>a</span> <span class='ocrx_word' id='word_1_222' title='bbox 1142 3497 1317 3572; x_wconf 86' lang='lat' dir='ltr'>Pamphilo,</span> <span class='ocrx_word' id='word_1_223' title='bbox 1350 3497 1428 3571; x_wconf 87' lang='lat' dir='ltr'>quia</span> 
     </span>
     <span class='ocr_line' id='line_1_29' title="bbox 295 3603 1429 3678; baseline 0.001 -15"><span class='ocrx_word' id='word_1_224' title='bbox 295 3619 474 3678; x_wconf 87' lang='lat' dir='ltr'>numquam</span> <span class='ocrx_word' id='word_1_225' title='bbox 515 3619 556 3664; x_wconf 91' lang='lat' dir='ltr'>ne</span> <span class='ocrx_word' id='word_1_226' title='bbox 597 3604 771 3666; x_wconf 89' lang='lat' dir='ltr'>minimum</span> <span class='ocrx_word' id='word_1_227' title='bbox 812 3605 940 3678; x_wconf 87' lang='lat' dir='ltr'>quidem</span> <span class='ocrx_word' id='word_1_228' title='bbox 982 3605 1107 3664; x_wconf 85' lang='lat' dir='ltr'>curavit</span> <span class='ocrx_word' id='word_1_229' title='bbox 1147 3604 1298 3678; x_wconf 87' lang='lat' dir='ltr'>puellam.</span> <span class='ocrx_word' id='word_1_230' title='bbox 1346 3603 1429 3664; x_wconf 88' lang='lat' dir='ltr'>Vide</span> 
     </span>
     <span class='ocr_line' id='line_1_30' title="bbox 296 3710 1426 3786; baseline 0.001 -16"><span class='ocrx_word' id='word_1_231' title='bbox 296 3710 431 3770; x_wconf 83' lang='lat' dir='ltr'>Greiield</span> <span class='ocrx_word' id='word_1_232' title='bbox 452 3728 482 3785; x_wconf 91' lang='lat' dir='ltr'>p.</span> <span class='ocrx_word' id='word_1_233' title='bbox 503 3713 552 3772; x_wconf 89' lang='lat'>30.</span> <span class='ocrx_word' id='word_1_234' title='bbox 594 3711 698 3770; x_wconf 88' lang='lat' dir='ltr'>Nimis</span> <span class='ocrx_word' id='word_1_235' title='bbox 718 3725 794 3771; x_wconf 88' lang='lat' dir='ltr'>vero</span> <span class='ocrx_word' id='word_1_236' title='bbox 816 3712 912 3771; x_wconf 85' lang='lat' dir='ltr'>anxie</span> <span class='ocrx_word' id='word_1_237' title='bbox 932 3712 1011 3771; x_wconf 90' lang='lat' dir='ltr'>haec</span> <span class='ocrx_word' id='word_1_238' title='bbox 1032 3712 1130 3771; x_wconf 87' lang='lat' dir='ltr'>verba</span> <span class='ocrx_word' id='word_1_239' title='bbox 1151 3711 1321 3786; x_wconf 85' lang='lat' dir='ltr'>explicant,</span> <span class='ocrx_word' id='word_1_240' title='bbox 1350 3725 1426 3771; x_wconf 90' lang='lat' dir='ltr'>cum</span> 
     </span>
     <span class='ocr_line' id='line_1_31' title="bbox 297 3799 1428 3893; baseline -0.001 -16"><span class='ocrx_word' id='word_1_241' title='bbox 297 3817 483 3891; x_wconf 86' lang='lat' dir='ltr'>Pamphilus</span> <span class='ocrx_word' id='word_1_242' title='bbox 503 3819 634 3877; x_wconf 85' lang='lat' dir='ltr'>tantum</span> <span class='ocrx_word' id='word_1_243' title='bbox 655 3818 815 3878; x_wconf 89' lang='lat' dir='ltr'>rationem</span> <span class='ocrx_word' id='word_1_244' title='bbox 835 3818 964 3878; x_wconf 88' lang='lat' dir='ltr'>reddere</span> <span class='ocrx_word' id='word_1_245' title='bbox 983 3817 1129 3893; x_wconf 86' lang='lat' dir='ltr'>voluerit,</span> <span class='ocrx_word' id='word_1_246' title='bbox 1151 3799 1208 3877; x_wconf 88' lang='lat' dir='ltr'>cur</span> <span class='ocrx_word' id='word_1_247' title='bbox 1221 3832 1298 3892; x_wconf 89' lang='lat' dir='ltr'>prae</span> <span class='ocrx_word' id='word_1_248' title='bbox 1311 3817 1428 3877; x_wconf 80' lang='lat' dir='ltr'>ceteris</span> 
     </span>
     <span class='ocr_line' id='line_1_32' title="bbox 297 3923 632 3985; baseline 0.003 -2"><span class='ocrx_word' id='word_1_249' title='bbox 297 3924 426 3983; x_wconf 83' lang='lat' dir='ltr'>adiuvet</span> <span class='ocrx_word' id='word_1_250' title='bbox 449 3923 632 3985; x_wconf 80' lang='lat' dir='ltr'>Charinum.</span> 
     </span>
    </p>
   </div>
   <div class='ocr_carea' id='block_1_5' title="bbox 293 4071 1433 4320">
    <p class='ocr_par' dir='ltr' id='par_1_10' title="bbox 293 4071 1433 4320">
     <span class='ocr_line' id='line_1_33' title="bbox 329 4071 1433 4142; baseline 0.001 -15"><span class='ocrx_word' id='word_1_251' title='bbox 329 4071 351 4138; x_wconf 84' lang='lat'>1)</span> <span class='ocrx_word' id='word_1_252' title='bbox 378 4072 465 4128; x_wconf 88' lang='lat' dir='ltr'>Plura</span> <span class='ocrx_word' id='word_1_253' title='bbox 492 4075 710 4141; x_wconf 69' lang='lat' dir='ltr'>argumentae</span> <span class='ocrx_word' id='word_1_254' title='bbox 736 4074 795 4131; x_wconf 89' lang='lat' dir='ltr'>stili</span> <span class='ocrx_word' id='word_1_255' title='bbox 825 4075 914 4142; x_wconf 86' lang='lat' dir='ltr'>atque</span> <span class='ocrx_word' id='word_1_256' title='bbox 941 4075 1084 4130; x_wconf 85' lang='lat' dir='ltr'>sermonis</span> <span class='ocrx_word' id='word_1_257' title='bbox 1111 4075 1191 4130; x_wconf 86' lang='lat' dir='ltr'>vitiis</span> <span class='ocrx_word' id='word_1_258' title='bbox 1218 4075 1306 4130; x_wconf 84' lang='lat' dir='ltr'>ducta</span> <span class='ocrx_word' id='word_1_259' title='bbox 1333 4073 1433 4129; x_wconf 89' lang='lat' dir='ltr'>nimiis</span> 
     </span>
     <span class='ocr_line' id='line_1_34' title="bbox 296 4161 1433 4231; baseline -0.001 -13"><span class='ocrx_word' id='word_1_260' title='bbox 296 4177 383 4231; x_wconf 87' lang='lat' dir='ltr'>quam</span> <span class='ocrx_word' id='word_1_261' title='bbox 411 4163 445 4218; x_wconf 87' lang='lat' dir='ltr'>ut</span> <span class='ocrx_word' id='word_1_262' title='bbox 472 4162 593 4218; x_wconf 86' lang='lat' dir='ltr'>librariis</span> <span class='ocrx_word' id='word_1_263' title='bbox 626 4163 836 4230; x_wconf 86' lang='lat' dir='ltr'>adscribantur,</span> <span class='ocrx_word' id='word_1_264' title='bbox 862 4163 959 4220; x_wconf 84' lang='lat' dir='ltr'>adlata</span> <span class='ocrx_word' id='word_1_265' title='bbox 985 4165 1056 4220; x_wconf 89' lang='lat' dir='ltr'>sunt</span> <span class='ocrx_word' id='word_1_266' title='bbox 1083 4178 1101 4219; x_wconf 88' lang='lat' dir='ltr'>a</span> <span class='ocrx_word' id='word_1_267' title='bbox 1127 4164 1305 4220; x_wconf 86' lang='lat' dir='ltr'>Dziatzkone</span> <span class='ocrx_word' id='word_1_268' title='bbox 1332 4161 1433 4218; x_wconf 81' lang='lat' dir='ltr'>Fleck.</span> 
     </span>
     <span class='ocr_line' id='line_1_35' title="bbox 293 4251 660 4320; baseline 0.005 -14"><span class='ocrx_word' id='word_1_269' title='bbox 293 4252 370 4308; x_wconf 82' lang='lat' dir='ltr'>Anu.</span> <span class='ocrx_word' id='word_1_270' title='bbox 388 4251 453 4307; x_wconf 93' lang='lat' dir='ltr'>Vol.</span> <span class='ocrx_word' id='word_1_271' title='bbox 474 4252 533 4307; x_wconf 86' lang='grc'><strong>113.</strong></span> <span class='ocrx_word' id='word_1_272' title='bbox 553 4266 580 4320; x_wconf 92' lang='lat' dir='ltr'>p.</span> <span class='ocrx_word' id='word_1_273' title='bbox 600 4252 660 4308; x_wconf 80' lang='lat'>238.</span> 
     </span>
    </p>
   </div>
   <div class='ocr_carea' id='block_1_6' title="bbox 0 0 1699 5046">
    <p class='ocr_par' dir='ltr' id='par_1_11' title="bbox 0 0 1699 5046">
     <span class='ocr_line' id='line_1_36' title="bbox 0 0 1699 5046; baseline 0 0"><span class='ocrx_word' id='word_1_274' title='bbox 0 0 1699 5046; x_wconf 95' lang='lat' dir='ltr'> </span> 
     </span>
    </p>
   </div>
  </div>
 </body>
</html>
