3368 5046
815 515 852 573 57

267 703 338 762 odio
359 716 431 762 esse
452 702 484 760 et
506 701 695 761 desertum?
722 701 810 760 Idem
834 701 979 760 evincere
999 701 1135 760 conatus
1158 701 1207 759 est
1228 701 1401 762 Nencinius

267 825 285 868 e
304 825 336 868 r.
358 809 506 882 986-88,
536 808 711 880 dequibus
733 822 831 880 supra
851 823 881 880 p.
903 809 942 867 53
967 807 1026 881 egi.
1058 807 1127 868 Hoc
1148 808 1279 867 tantum
1301 809 1401 868 etiam

265 929 397 974 monere
417 915 524 992 velim,
546 930 661 988 parum
683 915 770 972 recte
788 929 882 987 agere
896 915 1096 989 Nenoinium,
1112 929 1191 976 cum
1202 914 1273 975 illos
1288 931 1401 974 versus

265 1023 362 1083 modo
390 1021 510 1096 laudat,
541 1022 595 1095 qui
625 1036 700 1080 vero
723 1020 902 1094 sequuntur
924 1022 956 1079 et
979 1021 1122 1080 eiusdem
1144 1022 1303 1082 momenti
1324 1024 1400 1081 sunt

266 1130 364 1202 atque
401 1129 521 1202 priores
554 1128 594 1194 (r.
627 1129 685 1187 989
718 1135 786 1201 sqq)
820 1128 969 1188 omittit?
1009 1129 1057 1187 Ex
1086 1128 1125 1186 iis
1154 1129 1241 1187 enim
1270 1130 1401 1203 apparet

266 1237 421 1296 Demeam
439 1251 558 1294 manus
577 1235 652 1294 dare
669 1233 742 1293 filiis
760 1249 865 1308 neque
881 1249 937 1308 pro
953 1235 1147 1295 auctoritate
1157 1237 1292 1309 paterna
1304 1237 1401 1310 atque

265 1343 344 1403 adeo
373 1343 516 1417 imperio,
541 1342 578 1401 ut
604 1342 701 1400 antea
722 1342 942 1414 consueverat,
965 1341 1082 1416 iubere,
1105 1357 1159 1402 eos
1181 1357 1276 1416 parce
1296 1343 1401 1402 mode·

266 1451 379 1523 sieque
405 1450 523 1523 vivere,
553 1449 609 1508 sed
630 1463 743 1521 rogare
765 1449 862 1522 atque
883 1463 1023 1522 monere,
1045 1450 1082 1507 ut
1104 1449 1174 1523 sibi,
1196 1449 1264 1509 viro
1286 1449 1401 1509 maiori

264 1558 345 1615 natu
364 1557 462 1630 atque
480 1556 676 1629 experientia
693 1555 846 1629 praedito,
865 1570 990 1615 morem
1008 1557 1121 1629 gerant
1133 1558 1230 1629 atque
1240 1556 1399 1616 obediant.

305 1664 394 1740 Quod
422 1663 556 1736 denique
585 1678 625 1721 ex
653 1662 796 1722 Minionis
823 1662 929 1721 verbis
955 1663 988 1720 in
1014 1662 1129 1722 ultimo
1155 1663 1283 1722 fabulae
1302 1677 1399 1722 versu

266 1769 362 1829 efficit
376 1768 405 1841 1),
434 1771 609 1844 utrumque
634 1769 770 1828 tratrem
797 1770 830 1826 in
858 1769 1019 1828 sententia
1040 1784 1100 1828 sua
1122 1784 1261 1844 manere,
1285 1785 1349 1829 non
1371 1770 1399 1828 ei

266 1877 433 1938 assentior.
455 1877 540 1935 Nam
563 1876 692 1934 etiamsi
714 1876 827 1938 demus
848 1876 1001 1936 Nencinio
1019 1877 1118 1935 verba
1128 1876 1183 1935 illa
1195 1877 1235 1934 ad
1247 1877 1400 1950 psaltriae

266 1983 472 2042 donationem
490 1983 583 2041 unice
601 1983 767 2056 pertinere,
784 1995 848 2042 non
862 1983 1007 2056 sequitur
1021 1983 1094 2042 inde
1107 1984 1194 2041 recte
1208 1983 1398 2042 Nencinium

265 2090 439 2149 coniecisse
467 2090 505 2147 de
532 2090 675 2148 Micionis
704 2090 823 2150 mente.
851 2089 1063 2163 Nequaquam
1089 2090 1174 2148 enim
1195 2105 1327 2148 necesse
1349 2092 1398 2149 est

264 2199 441 2270 Micionem,
463 2198 491 2256 si
513 2197 619 2271 paullo
642 2197 734 2256 aliter
747 2197 902 2256 iudicaret
921 2197 959 2255 de
975 2196 1043 2257 illo:
1062 2197 1285 2270 „adsentando
1301 2197 1399 2255 indul-

264 2305 374 2378 gendo,
395 2304 587 2378 largiendo'',
609 2304 751 2377 longiore
771 2305 916 2364 oratione
941 2303 1075 2362 fratrem
1096 2303 1237 2362 refellere
1255 2305 1296 2376 et,
1308 2304 1397 2363 velut

265 2410 348 2482 apud
375 2411 505 2485 iudices,
530 2411 674 2484 pluribus
696 2411 872 2485 ostendere,
895 2425 931 2468 se
952 2410 1085 2470 modum
1107 2425 1233 2484 semper
1253 2411 1398 2468 tenuisse

264 2515 297 2573 in
327 2517 499 2590 largiendo.
542 2517 670 2576 Etenim
702 2517 730 2575 si
761 2517 864 2591 primo
887 2517 1025 2577 fortasse
1045 2517 1184 2575 miratus
1205 2518 1300 2590 esset,
1321 2531 1397 2574 cum

263 2623 419 2682 Demeam
445 2640 474 2683 v.
496 2625 635 2684 esa-88
656 2625 688 2683 in
710 2639 746 2682 se
767 2624 974 2684 invehentem
997 2623 1203 2697 auscultaret,
1227 2623 1397 2683 admiratio

263 2741 393 2801 prorsus
424 2729 597 2788 tollebatur
627 2729 774 2789 versibus
806 2731 1023 2803 sequentibus,
1056 2729 1171 2802 quibus
1199 2728 1398 2788 Aeschinum

264 2835 460 2909 adloquitur3
499 2836 572 2894 inde
606 2837 691 2895 enim
725 2838 856 2910 apparet
889 2852 963 2895 eum
998 2837 1090 2909 quasi
1121 2833 1323 2908 transfugere
1358 2835 1398 2894 ad

263 2942 406 3001 Micionis
428 2943 554 3001 vivendi
574 2944 743 3004 rationem.
765 2944 813 3002 Ne
835 2943 955 3002 diutius
966 2943 999 3001 in
1009 2944 1070 3002 hac
1082 2942 1271 3016 quaestione
1281 2957 1396 3015 morer,

264 3063 347 3120 quae
387 3063 486 3108 causa
518 3050 632 3108 fuisset
663 3051 798 3125 Micioni,
831 3065 906 3109 cum
938 3050 1059 3108 videret
1092 3049 1226 3108 fratrem
1258 3063 1397 3109 errorem

265 3157 436 3228 agnovisse
460 3158 558 3230 atque
579 3158 725 3216 animum
746 3158 913 3217 induxisse
934 3159 971 3216 ut
992 3173 1027 3216 se
1045 3157 1224 3231 corrigeret,
1241 3157 1399 3230 cumipse

264 3277 390 3336 quoque
420 3264 481 3323 sibi
511 3265 659 3324 conscius
692 3266 787 3339 esset,
820 3281 856 3323 se
885 3280 1012 3339 quoque
1033 3253 1172 3324 sortasse
1193 3279 1344 3338 peccasse
1364 3265 1398 3322 in

265 3370 460 3429 contrariam
491 3372 627 3445 partem,
659 3372 692 3430 in
725 3371 853 3431 fabulae
885 3370 948 3430 line
979 3373 1200 3431 demonstrare
1224 3371 1322 3429 verba
1342 3370 1398 3428 illa

265 3477 460 3550 exaggerata
482 3481 577 3538 esse?
598 3479 699 3552 Micio,
723 3494 806 3552 quae
828 3479 896 3536 eius
919 3479 988 3536 erat
1010 3479 1186 3553 prudentia,
1206 3477 1300 3537 norat
1312 3477 1398 3536 certe

235 3630 237 3634 .
263 3597 362 3655 quam
383 3582 507 3642 difficile
528 3586 614 3644 esset
635 3586 713 3658 viro,
737 3586 791 3658 qui
812 3600 877 3645 non
899 3586 1031 3644 tantum
1052 3600 1179 3658 semper
1200 3585 1261 3643 sibi
1283 3584 1397 3644 consti·

244 3761 458 3770 ——-—

296 3873 317 3939 1)
357 3875 427 3930 Vide
453 3891 481 3944 p.
510 3877 577 3932 143:
607 3876 684 3947 „Nec
711 3878 821 3932 Demea
845 3892 899 3933 neo
920 3878 1003 3933 Micio
1030 3878 1199 3947 triumphat,
1225 3879 1275 3933 sed
1293 3878 1324 3932 in
1345 3891 1399 3932 sua

259 3965 383 4032 uterque
401 3966 548 4021 sententia
566 3968 668 4022 manet
687 3968 717 4022 et
735 3967 885 4022 silentium
904 3968 1034 4023 Micionis
1053 3983 1110 4035 quo
1129 3969 1244 4036 spectet
1263 3981 1280 4022 e
1297 3982 1326 4023 v.
1345 3966 1398 4022 977

260 4053 317 4111 (Mi.
335 4053 417 4110 Istuc
434 4058 532 4118 recte.)
551 4058 732 4124 perspicitur.
751 4055 886 4112 Fratrem
904 4057 1004 4112 laudat
1022 4057 1113 4126 Micio,
1136 4058 1212 4124 quod
1231 4055 1399 4124 Ctesiphoni

259 4142 409 4210 psaltriam
427 4145 593 4212 permittat:
614 4145 671 4200 hoc
689 4160 782 4201 unum
801 4147 892 4216 curat,
912 4149 1009 4201 cetera
1030 4145 1112 4201 nihili
1124 4145 1202 4201 facit.
1216 4145 1291 4212 Ergo
1303 4158 1398 4212 neque

260 4231 356 4287 victus
375 4234 438 4287 erat
453 4247 548 4301 neque
566 4248 584 4288 a
602 4236 813 4290 consuetudine
833 4249 888 4290 sua
908 4235 1095 4290 recesserat”.
