3368 5046
818 512 856 570 58

271 702 365 774 terat,
388 701 444 758 sed
464 701 525 758 hac
547 698 732 758 constantia
744 698 843 756 etiam
854 697 1011 770 gloriatus
1024 698 1101 773 erat,
1114 699 1182 756 seni
1193 697 1268 772 iam,
1281 681 1405 757 victum

272 823 307 866 se
329 822 400 866 esse
421 807 523 866 fateri.

312 916 383 973 Iam
407 912 504 971 finem
525 913 598 971 huic
622 911 831 985 disputationi
851 912 1017 985 imponere
1037 911 1123 986 libet,
1141 927 1205 985 qua
1215 913 1275 971 hoc
1287 912 1405 970 saltem

272 1037 325 1081 me
346 1021 481 1080 evicisse
494 1034 595 1093 spero,
609 1019 710 1078 stulte
722 1019 820 1092 atque
830 1019 1002 1077 temerarie
1014 1034 1107 1092 agero
1119 1034 1182 1093 eoa,
1195 1019 1250 1092 qui
1262 1019 1406 1077 fabulam

270 1130 420 1188 truncare
442 1129 540 1201 atque
560 1126 713 1184 mutilare
734 1126 902 1186 conantur.
925 1126 994 1185 Hoc
1016 1126 1102 1184 enim
1125 1126 1183 1200 est,
1197 1141 1259 1199 quo
1272 1125 1407 1199 Adelphi

272 1231 386 1294 ceteris
418 1234 579 1294 comoedis
610 1233 788 1308 praestant,
822 1233 907 1306 quod
938 1248 1002 1292 non
1027 1233 1133 1292 solum
1155 1247 1206 1290 res
1229 1232 1407 1291 amatoriae

271 1343 304 1401 in
326 1357 423 1400 scena
444 1341 636 1414 tractantur,
660 1340 715 1398 sed
738 1340 838 1398 etiam
860 1355 954 1398 senes
975 1339 1021 1398 illi
1042 1339 1113 1415 duo,
1136 1340 1224 1398 vitae
1244 1339 1405 1407 institutis

273 1450 370 1522 atque
390 1448 569 1507 rationibus
591 1447 685 1520 quasi
707 1447 790 1504 inter
811 1461 847 1504 se
868 1447 1038 1521 certantes,
1061 1447 1265 1505 inducuntur.

763 1935 871 1994 orror
893 1936 921 1994 6.

652 2122 698 2179 Du
719 2122 867 2180 Mrorours
888 2135 1025 2180 nunnus

314 2514 550 2588 Disquisitione‚
574 2529 656 2587 quae
676 2513 845 2587 praecedit,
868 2513 956 2571 viam
968 2513 1093 2572 munivi
1105 2513 1204 2586 alteri,
1218 2512 1409 2572 deMicionis

274 2621 404 2695 nuptiis,
437 2621 486 2680 Ad
506 2621 535 2678 V
556 2622 584 2680 8.
608 2622 645 2680 15
668 2621 762 2694 enim,

294 2729 345 2787 Mi.
376 2729 443 2801 Ego
464 2743 565 2787 novos
587 2728 725 2786 maritus
748 2742 831 2786 anno
847 2727 979 2785 domurn
994 2727 1105 2800 quinto
1129 2727 1160 2784 et
1182 2725 1409 2798 sexagensimo

295 2835 387 2893 Fiam
409 2836 506 2907 atque
528 2849 627 2893 anum
649 2835 845 2907 decrepitam
868 2834 1009 2894 ducam?

314 2942 460 3001 Donatus
494 2942 676 3002 adnotavit:
712 2941 822 3016 „Apud
856 2941 1066 2999 Menandrum
1095 2955 1194 2998 senex
1224 2941 1261 2998 de
1289 2939 1409 3013 nuptiis

274 3061 338 3104 non
359 3047 522 3120 gravatur,
546 3062 619 3120 ergo
642 3047 810 3106 Terentius
832 3044 1024 3123 εὑρετικῶ;.”

315 3153 540 3226 interpretatio
565 3155 681 3212 horum
702 3155 883 3228 verborum,
908 3170 927 3212 a
948 3155 1052 3228 prima
1075 3154 1179 3213 fronte
1200 3154 1282 3212 satis
1303 3153 1415 3227 plana,¹

275 3259 397 3318 multas
418 3275 619 3333 magnasque
639 3262 807 3320 molestias
830 3262 974 3320 exhibuit
996 3262 1073 3319 viris
1086 3262 1197 3321 doctis.
1213 3261 1407 3334 Lessingius

274 3366 486 3441 Boettigerus‚
506 3367 664 3441 Benieius
684 3368 859 3426 Meinekius
874 3369 1066 3443 „gravatur”
1079 3369 1210 3442 passiva
1221 3368 1254 3425 vi
1267 3368 1408 3426 enuntia-

273 3473 347 3531 tum
379 3489 450 3531 esse
481 3474 613 3546 putant;
646 3475 777 3532 vertunt
809 3475 923 3548 igitur:
959 3474 1022 3548 „Bij
1055 3473 1225 3532 Menander
1246 3475 1350 3534 wordt
1372 3475 1411 3533 de

274 3581 428 3654 grijsaard
453 3581 519 3639 niet
547 3580 645 3654 lastig
669 3580 815 3655 gerallen
836 3582 904 3639 met
926 3582 980 3640 het
1002 3581 1183 3654 huwelijk''.
1206 3581 1410 3641 Contrarium

274 3687 429 3745 sustinuit
449 3689 573 3761 primus
595 3688 800 3761 Colmannus
821 3688 921 3747 editor
942 3687 1116 3761 Brittanus,
1132 3703 1272 3760 quocum
1289 3688 1411 3748 iaciunt

274 3792 450 3851 Grauertus
484 3810 513 3867 p.
551 3795 616 3868 147,
651 3794 822 3854 Teuffelius
854 3810 883 3868 p.
915 3796 982 3868 286,
1016 3793 1265 3868 Koenighoffius‚
1299 3794 1410 3868 reliqui

274 3899 409 3972 denique
440 3916 561 3975 omnes,
594 3902 648 3974 qui
679 3903 761 3960 hano
793 3916 862 3959 rem
894 3901 1125 3959 tractaverunt.
1158 3902 1313 3962 Vertunt:
1346 3902 1409 3976 „Bij

274 4007 444 4066 Menander
465 4009 578 4067 maakt
594 4009 631 4066 de
641 4009 795 4083 grijsaard
806 4023 886 4082 geon
898 4009 1151 4082 bezwaartegen
1163 4009 1217 4067 het
1229 4008 1409 4081 huweuju’t

274 4113 401 4172 Auditis
436 4115 552 4173 horum
582 4116 725 4175 virorum
756 4116 940 4175 nominibus
972 4115 1074 4173 cuivis
1106 4115 1318 4174 manifestum
1351 4115 1411 4174 erit

274 4221 545 4280 molestissimum
569 4237 640 4280 esse
660 4223 812 4298 statuere,
836 4223 907 4296 quis
922 4236 1018 4280 verus
1034 4237 1148 4280 sensus
1164 4221 1216 4282 sit.
1231 4219 1412 4280 Difficultas
