3386 5046
828 511 867 570 32

280 695 362 756 Geta
385 696 591 770 percontatus
617 696 712 770 esset,
735 695 914 755 sedetiam
936 697 1188 771 spectatoribus;
1211 699 1265 771 qui
1286 699 1416 772 quidem

279 801 380 862 Getae
400 803 498 862 verba
519 818 583 863 non
604 803 720 862 statim
740 803 986 877 intellexissent,
1009 803 1072 862 nisi
1094 803 1162 864 iam
1184 805 1281 864 antea
1303 807 1415 880 asyro

279 909 487 983 audivissent,
509 925 590 982 quas
611 910 681 984 ipse
701 911 809 984 partes
820 909 853 968 in
865 910 1011 984 raptione
1021 911 1248 984 suscepisset.'’
1270 913 1415 988 Quicum·

279 1031 341 1088 que
371 1014 478 1075 locum
509 1016 602 1074 illum
632 1016 753 1091 legerit,
785 1018 937 1089 agnoscet
960 1019 1189 1090 argumentum
1210 1019 1415 1080 levissimum

279 1137 360 1182 esse.
384 1124 528 1194 Servum,
552 1123 656 1196 qualis
679 1124 779 1195 Syrus
802 1124 880 1198 erat,
895 1124 1105 1197 impulsorem
1121 1139 1194 1184 esse
1207 1126 1291 1184 erilis
1307 1124 1363 1185 filii
1375 1127 1414 1186 ad

279 1244 375 1288 omne
396 1229 529 1303 sasinus,
552 1228 641 1289 nulla
663 1229 814 1302 peculiari
836 1230 1113 1290 demonstratione
1133 1232 1306 1305 indigebat.

320 1336 474 1410 Tertium,
508 1335 592 1408 quod
624 1337 749 1410 asserit,
782 1338 842 1397 hoc
874 1339 939 1397 est:
974 1339 1077 1412 ,Tum
1099 1353 1190 1398 serus
1213 1339 1414 1413 ctesiphonis

277 1443 311 1502 in
332 1457 465 1502 scenam
487 1442 645 1502 adventus
667 1443 760 1501 facile
778 1443 965 1518 explicatur,
991 1444 1019 1502 si
1041 1459 1105 1504 non
1126 1460 1229 1518 pauca
1252 1447 1413 1519 Syrumin

278 1549 356 1608 iacti
376 1549 561 1610 narratione
582 1550 621 1608 de
642 1549 842 1623 ctesiphone,
865 1550 901 1607 ui
922 1565 981 1624 par
1002 1552 1061 1625 est,
1073 1551 1218 1610 locutum
1231 1553 1411 1628 conieceris,

279 1671 361 1730 quae
393 1657 476 1730 apud
509 1656 695 1716 Terentium
724 1657 834 1714 mente
855 1657 1002 1730 supplere
1023 1659 1176 1731 cogimur.
1199 1660 1287 1718 Inter
1307 1661 1414 1719 cetera

278 1763 399 1822 scilicet
416 1761 609 1836 significavit
621 1764 721 1835 Syrus
734 1763 935 1836 Ctesiphonis
946 1778 1046 1822 causa
1057 1765 1237 1838 raptionem
1248 1767 1413 1840 patratam

279 1885 358 1944 esse,
380 1870 578 1928 Aeschinum
599 1885 684 1942 vero,
708 1870 761 1943 qui
783 1869 850 1929 iam
871 1870 957 1928 male
979 1871 1111 1946 audiret,
1136 1872 1213 1931 facti
1235 1873 1359 1931 famam
1379 1873 1413 1931 in

278 1991 313 2034 se
336 1976 544 2034 transtulisse
564 1976 697 2049 ideoque
712 1976 802 2036 fratri
814 1977 967 2052 suasisse,
978 1978 1014 2035 ut
1027 1978 1160 2038 domum
1172 1979 1278 2053 paullo
1289 1979 1412 2038 tardius

185 2153 186 2156 Ἴ
278 2083 409 2156 peteret,
444 2098 485 2140 ne
505 2083 590 2140 illius
613 2083 771 2142 adventus
794 2098 858 2144 una
880 2099 955 2143 cum
976 2085 1082 2157 puella
1103 2086 1315 2159 suspicandae
1336 2087 1413 2144 veri

278 2190 357 2248 tatis
390 2204 489 2248 causa
518 2191 634 2250 esset.’'
667 2190 777 2266 Quivis
808 2191 895 2249 videt
927 2192 1072 2250 Nencinii
1094 2193 1255 2252 sententia
1276 2193 1412 2266 probata

279 2297 441 2356 abundare
462 2298 492 2355 ΙΙ
514 2299 542 2372 3,
564 2298 618 2356 ubi
638 2298 786 2371 Ctesipho
809 2297 917 2356 fratris
930 2298 1412 2370 ergasebeneficiumlaudibus

279 2403 368 2462 effert
391 2405 488 2476 atque
508 2404 556 2462 ita
577 2405 775 2478 spectatores
798 2405 917 2478 edocet,
940 2405 1015 2477 quid
1037 2420 1148 2464 revera
1170 2404 1294 2464 sactum
1315 2406 1367 2466 sit.

318 2511 459 2584 Denique
480 2512 539 2570 hoc
562 2512 790 2584 argumentum
812 2511 946 2584 profert:
971 2512 1034 2584 „Ea
1055 2512 1162 2585 verba,
1179 2511 1305 2584 quaein
1316 2512 1413 2573 Ctesi·

278 2618 391 2691 phenis
412 2618 541 2676 laudem
563 2618 749 2691 pronuntiat
771 2619 891 2678 Demea
913 2619 937 2678 l.
961 2620 988 2678 2.
1012 2616 1065 2676 14:

319 2725 352 2782 Si
373 2724 599 2784 conferendum
622 2725 849 2798 exemplumst,
872 2740 936 2784 non
958 2724 1091 2782 fratrem
1112 2725 1199 2783 videt

318 2831 377 2888 Rei
398 2831 473 2888 dare
495 2846 633 2904 operam,
656 2831 721 2888 ruri
743 2845 814 2889 esse
835 2846 968 2904 parcum
990 2845 1027 2888 ac
1049 2832 1215 2890 sobrium?

319 2936 424 2995 faceta
446 2938 619 2999 admodum
641 2939 674 2995 in
692 2953 737 3011 gr.
754 2937 862 2996 sabula
876 2937 1004 2995 suerunt
1016 2938 1180 3010 risumque
1191 2939 1411 3011 spectatorum

278 3043 418 3117 profecto
440 3046 620 3118 moverunt,
644 3046 698 3118 qui
719 3061 818 3117 quam
832 3059 947 3118 parcus
963 3045 995 3103 et
1009 3045 1135 3104 sobrius
1151 3045 1236 3103 esset
1252 3045 1409 3119 Ctesipho,

277 3150 344 3208 iam
367 3165 385 3208 a
407 3151 487 3223 syro
510 3151 737 3210 audivissent.’'
760 3152 820 3210 Hic
842 3152 971 3210 omnino
993 3151 1093 3210 nodos
1107 3151 1141 3209 in
1155 3152 1257 3224 scirpo
1270 3152 1410 3225 quaerit,

278 3272 383 3316 nonne
402 3273 515 3316 versus
536 3258 581 3316 illi
603 3258 763 3331 aptissimi
785 3259 870 3332 sunt,
892 3259 929 3315 ut
950 3273 1035 3317 nunc
1056 3273 1153 3317 scena
1173 3259 1228 3317 illa
1242 3274 1277 3316 se
1291 3259 1412 3318 habet?

317 3365 362 3424 Ut
393 3379 462 3423 rem
495 3363 671 3438 conficiam,
701 3365 765 3424 cito
787 3366 843 3424 ΙΙΙ.
867 3367 895 3424 3.
919 3366 957 3424 10
978 3380 1046 3438 sqq,
1069 3365 1126 3425 ubi
1147 3367 1247 3437 Syrus
1272 3366 1411 3424 Demeae

279 3471 368 3532 dicit:
965 3472 1102 3531 Omnem
1123 3487 1201 3546 rem,
1224 3472 1320 3536 modo
1342 3473 1410 3532 seni

711 3580 778 3655 Quo
800 3581 894 3652 pacto
915 3579 1056 3652 haberet,
1080 3593 1268 3638 enarramus
1292 3579 1408 3640 ordine.
1470 3587 1478 3600 ·

716 3686 767 3744 Nil
788 3686 960 3759 quicquam
981 3686 1046 3744 vidi
1066 3685 1193 3746 laetius.

319 3791 381 3852 Our
402 3794 500 3852 verba
522 3793 576 3852 dat
598 3793 666 3851 seni
687 3808 800 3851 servus
821 3793 854 3851 in
876 3794 980 3866 prima
1001 3793 1118 3868 sabina,
1142 3808 1216 3851 cum
1237 3793 1326 3852 brevi
1337 3793 1410 3867 post

275 3900 465 3958 narraturus
497 3900 539 3957 sit
570 3901 678 3959 totam
709 3903 802 3960 rem?
829 3901 1002 3959 Nencinius
1023 3915 1098 3960 vero
1119 3916 1183 3960 non
1205 3900 1312 3974 potest
1334 3900 1410 3974 quin

279 4007 397 4078 Syrum
419 4021 530 4065 senem
553 4007 714 4080 decepisse
735 4008 870 4082 statuat,
893 4008 969 4081 quia
990 4007 1129 4081 alioquin
1150 4007 1293 4067 Micionis
1309 4006 1411 4066 solilo-

278 4113 390 4186 quium
412 4114 426 4171 Ι
449 4115 476 4174 1.
500 4115 596 4173 1-ὅὸ
619 4115 866 4187 expungendum
889 4115 966 4174 erat.

319 4220 444 4295 Quanto
473 4220 578 4293 magis
604 4221 771 4280 doctorum
794 4221 957 4294 opiniones
979 4221 1017 4278 de
1037 4222 1097 4279 hac
1119 4221 1308 4294 quaestione
1328 4219 1412 4278 inter
