3368 5046
811 539 849 599 79

262 727 459 787 Perinthiam
490 726 526 784 in
556 741 592 786 eo
624 726 724 784 sitam
756 725 856 783 fuisse
876 724 994 783 statuit
1015 725 1187 784 Nencinius
1208 741 1238 799 p.
1260 727 1298 785 27
1320 741 1398 800 sqq,

262 834 346 908 quod
377 834 441 893 11.
473 833 611 892 42-127
641 832 674 890 in
699 832 769 891 sola
791 831 954 890 Perinthia
974 831 1164 905 legerentur.
1204 833 1292 890 Haec
1314 832 1399 890 enim

262 956 346 1015 pare,
367 940 480 1014 inquit,
503 954 579 998 cum
601 955 619 997 e
638 939 711 999 tota
732 953 830 997 scena
851 939 898 997 sic
920 939 1048 1011 eminet,
1072 939 1108 996 ut
1129 940 1190 998 hac
1204 955 1271 998 una
1285 939 1401 998 dissen-

262 1047 345 1106 sisse
374 1047 494 1107 Andria
527 1047 558 1106 et
591 1046 753 1105 Perinthia
781 1046 850 1104 iure
871 1046 1028 1120 dicantur,
1049 1046 1122 1104 tum
1144 1047 1191 1104 sic
1214 1047 1253 1105 ad
1275 1047 1401 1121 singula

262 1154 434 1227 descendit,
457 1154 502 1225 ,ut
525 1168 544 1211 a
565 1152 732 1226 soliloquio
753 1153 882 1226 penitus
905 1154 1073 1212 abhorrere
1093 1153 1270 1213 videatur”.
1291 1154 1400 1212 Etiam

263 1261 338 1319 dicit
366 1275 402 1318 se
429 1260 552 1319 nescire
578 1276 609 1332 p.
636 1261 676 1319 28
704 1260 770 1320 not.
801 1260 838 1333 1,
868 1274 929 1333 ,an
956 1261 1034 1319 haec
1061 1260 1242 1318 Perinthiae
1261 1260 1400 1333 vestigia

262 1368 343 1428 sint:
364 1367 510 1426 Donatus
532 1367 581 1427 ad.
604 1367 618 1424 l
641 1367 668 1426 1.
691 1368 730 1425 28
756 1366 841 1440 Quod
857 1366 1001 1440 plerique
1022 1382 1136 1426 omues.
1157 1366 1278 1425 Eodem
1302 1367 1398 1426 modo

262 1474 375 1533 Graeci
402 1469 604 1546 adparatu
637 1473 677 1531 ad
705 1473 721 1530 I
748 1473 775 1532 1.
804 1474 843 1532 93
871 1476 907 1531 ut
930 1473 977 1532 ull
1007 1489 1117 1546 supro.
1138 1473 1265 1546 Ellipsis
1288 1474 1400 1532 Teren·

261 1580 368 1652 tiana;
389 1595 467 1638 nam
488 1594 552 1638 non
573 1593 704 1637 necesse
726 1579 775 1637 est
798 1579 991 1652 subiungere
1013 1580 1092 1638 duos
1113 1580 1258 1640 versus'’.

303 1687 409 1759 Pergit
445 1685 556 1744 deinde
593 1701 623 1758 p.
662 1687 716 1746 28:
758 1685 883 1759 „Atque
917 1686 967 1744 his
1000 1686 1262 1760 Harpocrationis
1293 1686 1405 1748 verbis,

261 1794 424 1866 perpensis
464 1809 493 1865 p.
536 1794 613 1853 160:
656 1791 842 1867 προστάτης·
887 1789 911 1853 οἱ
955 1797 1018 1852 τῶν
1052 1791 1202 1867 μετοίκων
1244 1790 1394 1862 Ἀθήνησι

264 1897 483 1976 προεστηκότες
508 1896 681 1974 προστοὶτοιι
706 1897 867 1961 ἐκαλοῦντο
898 1936 930 1944 -
960 1897 1118 1973 {ripaursa
1142 1902 1196 1960 κοοὶ
1220 1896 1394 1976 Μένανδρος

265 2005 294 2064 ἐν
317 2007 401 2082 ἀρχῇ
432 2012 485 2076 τῆς
515 2003 681 2082 Περινθίοις
709 2007 796 2065 haud
824 2006 932 2066 forsan
960 2023 979 2064 a
1000 2022 1075 2065 vero
1096 2007 1190 2080 longe
1212 2007 1347 2081 abersee,
1370 2007 1399 2065 si

261 2111 294 2169 in
316 2112 477 2171 Perinthia
509 2128 620 2171 senem
635 2113 728 2171 uxori
743 2128 892 2172 narrasse
906 2113 1045 2173 conicias
1061 2129 1201 2186 eousque
1215 2128 1250 2172 sc
1264 2111 1399 2173 fiduciae

261 2219 464 2292 processisse,
493 2220 530 2276 ut
554 2217 618 2278 filio
639 2220 789 2278 hortante
809 2221 841 2278 in
862 2220 1002 2278 tutelam
1023 2235 1118 2279 suam
1139 2234 1175 2278 se
1195 2221 1398 2294 recepturum

261 2327 461 2398 peregrinam
492 2326 675 2398 Glycerium
706 2327 908 2400 promitteret
939 2307 1098 2400 huiusque
1127 2327 1197 2387 ideo
1225 2328 1398 2400 patronum

263 2431 439 2493 luturum'’.
544 2429 545 2432 ’

300 2540 443 2612 Denique
463 2541 605 2599 rationes
627 2555 704 2599 suas
726 2541 916 2600 concludens
934 2557 964 2614 p.
976 2541 1118 2600 aedicit:
1143 2541 1395 2614 ,Inuniversum

263 2647 457 2720 aestimanti,
491 2661 573 2719 quae
605 2647 794 2720 singillatim
816 2648 854 2705 de
875 2647 984 2705 sunere
1005 2647 1176 2720 Chrysidis,
1200 2647 1238 2704 de
1259 2647 1395 2719 Glycerii

263 2768 379 2826 amore,
416 2753 454 2811 de
487 2754 658 2827 sponsione
689 2754 867 2813 Chremetis
898 2753 982 2812 filiae
1013 2755 1046 2812 in
1077 2755 1138 2812 hac
1169 2768 1265 2812 scena
1296 2769 1395 2812 senex

262 2859 415 2930 edisserit,
453 2860 610 2919 eiusmodi
630 2861 779 2919 videntur
801 2876 880 2934 esse,
916 2862 953 2918 ut
975 2862 1031 2919 aut
1053 2875 1182 2933 prorsus
1205 2861 1313 2920 omitti
1334 2861 1394 2925 (ex.

261 2981 290 3039 g.
323 2966 442 3024 funeris
469 2968 630 3034 narratio.)
653 2969 709 3026 aut
731 2968 841 3040 paucis
864 2968 988 3027 absolvi
1010 2968 1066 3026 aut
1087 2983 1146 3027 suo
1168 2968 1306 3041 quidque
1325 2968 1395 3045 loco

262 3072 363 3131 obiter
385 3073 424 3131 ab
448 3073 518 3131 aliis
540 3075 683 3146 personis
704 3075 795 3148 tangi
816 3075 994 3148 potuerint;
1016 3090 1094 3132 nam
1112 3074 1249 3146 Glycerii
1261 3089 1352 3133 amor
1363 3076 1395 3133 et

262 3179 470 3238 Philumenae
490 3181 618 3252 sponsio
641 3181 741 3239 etiam
762 3181 876 3239 ceteris
897 3184 976 3241 nota
997 3182 1118 3241 erant.”

301 3286 455 3360 Primum,
475 3286 559 3358 quod
574 3286 648 3344 dicit
664 3287 880 3346 narrationem
892 3289 978 3346 senis
988 3290 1060 3346 tarn
1072 3288 1215 3360 amplam
1224 3288 1395 3359 fusamque

262 3392 369 3467 fuisse,
402 3395 438 3452 ut
470 3393 637 3466 soliloquio
670 3395 783 3466 aptum
814 3410 877 3454 non
903 3395 997 3468 esset,
1019 3410 1110 3453 mera
1131 3395 1313 3453 coniectura
1334 3394 1393 3466 est,

261 3500 347 3558 nullo
379 3499 588 3560 fundamento
619 3501 734 3561 nitens
766 3501 886 3560 Eodem
908 3503 977 3559 iure
996 3502 1130 3560 haereas
1151 3501 1185 3559 in
1206 3500 1394 3573 Adelphisl

262 3607 289 3680 1,
321 3607 375 3665 ubi
399 3607 490 3666 Micio
512 3608 600 3666 solus
622 3608 675 3666 diu
696 3608 844 3681 loquitur.
866 3610 911 3668 At
931 3609 1082 3668 novimus
1104 3609 1212 3681 etiam,
1235 3608 1394 3681 quantum

260 3713 433 3789 Euripides
466 3714 557 3772 cuius
583 3715 725 3773 sectator
747 3714 807 3773 luit
828 3715 1005 3789 Menander,
1029 3715 1090 3773 sibi
1111 3714 1277 3773 indulserit
1297 3715 1331 3772 in
1352 3714 1394 3774 la·
1493 3751 1494 3755 =

260 3820 410 3879 bularum
431 3821 684 3895 expositionibus
704 3821 902 3895 longissimis
922 3819 1087 3895 fingendis.

320 3927 369 3985 Ex
390 3927 528 4001 scholiis
551 3943 634 4001 quae
655 3928 793 4001 opinioni
816 3943 895 3986 suae
916 3928 1023 3986 lavere
1043 3928 1137 4001 putat
1157 3928 1205 4000 N,
1217 3928 1304 4000 prius
1315 3928 1392 3987 nihil

261 4033 300 4091 ad
331 4049 417 4107 rem;
440 4034 587 4108 alterum,
610 4035 638 4092 si
657 4029 820 4107 'integrum
842 4035 901 4108 est,
923 4036 983 4093 hoc
1003 4035 1231 4093 tantummodo
1253 4034 1392 4093 ostendit

261 4139 367 4214 luisse,
391 4141 445 4214 qui
465 4141 539 4214 post
560 4157 590 4200 v.
612 4143 650 4200 93
672 4141 790 4215 aliquid
810 4142 1013 4215 requirerent,
1036 4156 1116 4215 quos
1137 4142 1223 4200 recte
1241 4141 1392 4200 admonet

259 4246 414 4320 Donatus,
454 4248 490 4305 ut
522 4263 617 4321 saepe
649 4248 732 4322 alibi,
767 4249 866 4323 ,hanc
897 4245 1034 4322 figuram
1065 4248 1212 4321 loquendi
1244 4247 1391 4306 Terentio
