3368 5046
813 536 871 595 110

314 722 352 782 In
378 737 412 780 re
433 721 531 780 simili
551 722 656 780 haesit
678 721 851 782 Neacinr'oa
872 738 901 796 p.
924 723 991 782 138.
1022 723 1122 798 ,Geta
1144 723 1256 784 autem
1278 724 1409 800 fingitur

273 829 341 887 suis
372 828 472 888 oculis
504 827 685 902 raptionem
713 828 832 887 vidisse
852 843 883 889 v.
905 831 980 890 329:
1003 830 1087 902 quod
1109 831 1237 904 quidem
1259 832 1287 890 si
1309 833 1409 893 etiam

272 935 306 994 in
336 950 451 1009 graeca
483 935 607 1010 fuisset,
640 950 704 995 non
735 936 806 994 tam
837 949 907 995 sero
931 936 1034 994 alacer
1055 951 1169 996 servus
1191 938 1315 998 iactum
1337 955 1410 999 erac

272 1043 490 1103 renuntiasset
520 1045 617 1117 atque
638 1043 716 1104 adeo
737 1045 911 1117 postquam
932 1044 965 1102 in
987 1059 1041 1104 ore
1063 1046 1131 1103 erat
1153 1045 1240 1106 omni
1262 1049 1408 1121 populo”.

271 1150 364 1211 Unde
404 1151 520 1211 statim
563 1151 745 1224 suspicatur
787 1151 974 1210 discessisse
1016 1152 1054 1210 ab
1088 1152 1263 1226 exemplari
1294 1170 1407 1228 graeco

272 1258 402 1333 poetam
433 1257 582 1318 latinum.
624 1258 697 1331 Ipse
727 1257 851 1331 viderit,
883 1271 963 1315 num
994 1258 1054 1317 hoc
1076 1260 1304 1332 argumentum
1325 1261 1407 1320 satis

271 1363 417 1438 ponderis
438 1364 566 1424 habeat.
607 1363 727 1423 Eodem
748 1364 816 1422 iure
838 1364 952 1437 aliquis
975 1364 1060 1423 dicat
1082 1380 1117 1423 se
1139 1365 1254 1425 offendi
1275 1383 1306 1427 v.
1328 1382 1354 1428 c.
1369 1383 1407 1427 ea

272 1485 314 1540 re,
337 1470 420 1543 quod
442 1470 590 1531 Sostrata
610 1485 665 1543 per
687 1471 797 1528 actum
819 1470 996 1529 secundum
1012 1486 1077 1531 non
1088 1471 1245 1531 audiverit
1259 1474 1405 1533 homines

271 1592 392 1650 magna
413 1578 502 1636 vocis
517 1577 727 1636 'contentione
749 1577 825 1636 ante
846 1577 940 1636 aedes
961 1577 1084 1636 vicinas
1102 1578 1295 1638 altercantes
1311 1581 1407 1654 atque

271 1683 497 1743 conviciantes.
520 1683 658 1748 offensio
681 1684 792 1742 autem
812 1682 892 1742 levis
914 1685 972 1758 est,
995 1685 1079 1757 quod
1099 1685 1182 1744 Geta
1202 1701 1267 1745 non
1288 1687 1405 1746 statim

272 1789 358 1848 facta
390 1805 462 1848 erae
487 1789 691 1849 renuntiasse
712 1788 851 1863 fingitur.
894 1791 1044 1850 Potuitne
1065 1807 1130 1850 una
1151 1806 1226 1851 cum
1247 1794 1406 1854 Aeschino

271 1910 403 1955 scenam
433 1897 553 1954 intrare
585 1897 791 1970 evocatisque
815 1897 1002 1956 mulieribus
1024 1912 1093 1956 rem
1114 1913 1251 1973 narrare,
1275 1900 1406 1959 durnin

272 2002 373 2060 altera
398 2017 514 2061 scenae
535 2003 626 2076 parte
646 2003 771 2062 Micioni
792 2004 912 2062 Demea
932 2003 1019 2062 idem
1040 2004 1201 2065 iaciebat?
1241 2006 1405 2065 Dramatis

272 2107 423 2166 decursus
435 2109 521 2168 certo
534 2110 708 2167 eventuum
721 2109 821 2168 ordini
834 2109 1007 2168 adstrictus
1020 2111 1078 2184 est,
1091 2125 1187 2184 saepe
1196 2113 1404 2186 atemporum

270 2215 408 2274 veritate
440 2216 637 2290 abhorrente,
670 2216 745 2288 quia
778 2216 855 2274 artis
877 2218 1055 2275 necessitas
1087 2219 1218 2290 poetam
1249 2219 1350 2293 cogit·
1367 2221 1403 2278 ut

271 2320 385 2395 multa,
408 2337 491 2395 quae
511 2337 622 2380 revera
644 2323 741 2380 simul
763 2321 853 2397 liunt,
877 2323 1023 2397 deinceps
1046 2325 1200 2420 accidisse
1224 2323 1334 2399 fingat.

311 2428 511 2501 Ctesiphonis
551 2429 632 2487 item
673 2444 809 2502 persona
850 2430 947 2488 habet
980 2431 1147 2505 quaedam,
1180 2446 1262 2504 quae
1292 2447 1405 2492 censor

270 2550 418 2595 morosus
440 2536 666 2609 reprehendere
687 2536 798 2610 possit.
820 2536 1069 2610 Vesperipridie
1087 2537 1220 2597 domum
1233 2539 1403 2611 paternam

268 2641 447 2716 reliquerat,
477 2643 513 2702 ut
541 2658 606 2702 una
628 2657 704 2700 cum
725 2643 884 2702 Aeschino
906 2643 1090 2702 convivium
1112 2644 1284 2703 celebraret
1307 2646 1403 2719 atque

269 2749 380 2807 deinde
411 2749 544 2808 fratrem
576 2749 741 2808 adiuvaret
772 2750 806 2808 in
832 2749 937 2823 puella
958 2751 1124 2823 rapienda;
1147 2750 1269 2824 decepit
1291 2767 1402 2811 senem

269 2855 564 2930 vigilantissimum,
586 2856 762 2929 quitameu
775 2871 852 2930 ,sex
862 2856 941 2916 totis
952 2857 1118 2916 mensibus
1129 2858 1217 2931 prius
1229 2857 1399 2933 olfecisset,

269 2976 368 3034 quarn
389 2962 441 3020 ille
462 2962 635 3036 quicquam
656 2963 831 3036 coeperet”.
854 2963 942 3034 (396).
968 2964 1053 3022 Dum
1074 2964 1252 3023 Aeschinus
1273 2965 1401 3039 raptam

268 3067 308 3134 ad
328 3068 471 3128 Micionis
494 3069 587 3127 aedes
609 3070 793 3143 deducebat,
816 3070 904 3128 solus
927 3070 1004 3129 abiit
1027 3069 1184 3145 Ctesipho,
1197 3071 1352 3130 nimirum
1367 3071 1400 3130 in

269 3174 401 3234 domum
423 3176 601 3251 paternam,
624 3177 773 3235 metuens
795 3177 986 3252 scilicetne,
1009 3177 1037 3236 si
1059 3193 1215 3236 unacum
1241 3179 1399 3238 Aeschino

269 3282 301 3338 et
331 3281 467 3355 psaltria
498 3297 517 3340 a
549 3282 643 3342 domo
674 3283 797 3342 lenonis
829 3284 889 3342 iter
912 3285 1039 3356 faceret,
1062 3285 1176 3358 aliquis
1196 3284 1230 3343 in
1250 3284 1304 3344 via
1326 3300 1400 3343 eum

269 3389 455 3462 agnosceret
486 3389 632 3462 patrique
664 3388 875 3450 denuntiaret.
918 3392 1000 3450 Rem
1031 3392 1078 3449 ita
1109 3392 1170 3450 sibi
1198 3392 1401 3466 proposuisse

268 3497 407 3568 poetam,
439 3496 499 3555 hoc
531 3495 710 3572 confirmat,
743 3499 826 3571 quod
857 3498 939 3557 Geta
971 3498 1196 3571 Ctesiphonem
1226 3513 1290 3558 non
1320 3499 1400 3557 vidit

269 3601 318 3665 (of.
350 3617 380 3662 v.
398 3604 456 3662 327
478 3614 547 3676 sqq)
570 3604 601 3662 et
624 3605 707 3676 quod
729 3604 878 3678 Ctesipho
901 3605 949 3663 die
969 3605 1126 3680 proximo,
1149 3620 1224 3664 curn
1244 3605 1401 3678 suspicari

268 3708 383 3782 potest,
405 3708 602 3768 Aeschinum
625 3711 758 3769 domum
779 3711 918 3786 rediisse,
943 3711 982 3770 ad
1003 3711 1110 3785 patrui
1132 3712 1225 3770 aedes
1240 3713 1351 3786 pergit,
1363 3713 1399 3771 ut

268 3813 358 3872 fratri
379 3816 501 3888 gratias
524 3818 610 3890 agat.

308 3920 476 3981 Contendit
508 3921 692 3997 specealius
712 3939 742 3997 p.
766 3925 804 3984 14
824 3925 875 3983 hic
895 3940 960 3984 non
981 3925 1167 3986 constitisse
1187 3924 1248 3984 sibi
1268 3925 1399 3999 poetam

268 4028 299 4085 et
331 4043 371 4086 ex
402 4027 450 4103 iia,
484 4045 566 4102 quae
596 4030 770 4104 loquuntur
800 4031 883 4090 inter
914 4047 949 4090 se
981 4032 1095 4090 fratres
1126 4033 1158 4090 Il
1199 4035 1227 4091 3.
1249 4047 1399 4106 apparere

268 4135 492 4209 Ctesiphonem
513 4137 651 4210 raptioni
665 4153 729 4198 non
742 4139 935 4198 interfuisse.
958 4138 1019 4198 Sed
1034 4139 1216 4197 rectissime
1230 4139 1397 4198 adseverat

267 4240 365 4300 Fabia
393 4257 422 4314 p.
455 4244 513 4302 202
535 4258 552 4301 e
574 4243 774 4318 Ctesiphonis
795 4245 909 4319 verbis,
932 4246 963 4303 Π
985 4247 1011 4306 3.
1036 4246 1062 4306 1.
1083 4260 1216 4304 scenam
1236 4245 1397 4319 intrantis
