3386 5046
830 537 869 594 43

280 725 412 784 dubium
434 739 590 783 essenon
611 723 728 796 potest,
751 723 827 795 quin
849 721 949 795 patris
973 721 1066 780 aedes
1087 721 1265 795 intraverit,
1288 722 1324 780 ut
1340 722 1415 781 deos

280 832 535 906 comprecaretur
557 831 733 903 antequam
755 844 910 902 sponsam
934 829 1119 888 arcesseret.
1151 829 1188 887 V.
1211 830 1270 886 899
1291 843 1417 902 quoque

280 954 354 996 eum
387 953 404 996 e
434 938 577 1011 paternis
610 937 740 995 aedibus
772 935 982 1008 prodeuntem
1011 935 1168 994 videmus.
1209 935 1253 992 At
1280 935 1331 995 hic
1357 950 1416 996 nos

279 1046 410 1105 revocat
437 1044 601 1117 Daiatzko,
635 1043 714 1102 Einl.
743 1059 773 1116 p.
801 1044 829 1116 4,
860 1043 899 1100 ad
927 1057 957 1101 ν.
980 1043 1048 1114 940,
1071 1056 1168 1114 quern
1189 1056 1287 1100 sensu
1309 1056 1417 1100 carere

279 1151 363 1226 dicit,
387 1151 449 1209 nisi
463 1151 592 1210 statuas
609 1150 847 1208 adulescentem
862 1149 949 1222 prius
965 1163 1040 1207 cum
1055 1149 1204 1231 Sostrata
1219 1148 1415 1208 collocutum

280 1273 351 1316 esse
382 1259 480 1330 atque
511 1258 538 1315 ei
569 1257 764 1330 promisisse,
795 1271 830 1314 se
858 1255 978 1330 nuptiis
1004 1255 1088 1313 illius
1112 1269 1242 1328 operam
1264 1255 1416 1313 daturum

280 1380 359 1425 esse.
402 1365 471 1424 Hoc
502 1379 577 1424 vero
610 1362 804 1437 colloquium
836 1363 944 1422 locum
976 1363 1093 1421 hahere
1124 1377 1187 1422 non
1219 1362 1326 1436 potest
1354 1360 1416 1420 nisi

279 1472 453 1545 postquam
481 1471 572 1530 Micio
600 1471 846 1529 matrimonium
875 1485 951 1528 cum
976 1467 1144 1542 Pamphila
1165 1468 1415 1541 commendavit,

279 1580 353 1652 post
374 1594 404 1638 u.
428 1579 486 1637 712
506 1578 613 1651 igitur.
634 1577 726 1636 Unde
747 1577 907 1636 concludit
928 1576 1082 1635 Dziatzko
1105 1575 1188 1649 apud
1207 1573 1417 1634 Menandrum

280 1685 354 1758 post
375 1685 475 1744 1719
497 1684 641 1743 fabulam
664 1683 756 1742 aliter
778 1683 1040 1742 administratam
1063 1697 1134 1741 esse
1152 1682 1299 1741 debuisse
1317 1696 1416 1754 quarn

281 1793 364 1866 apud
386 1792 583 1851 Terentium.

319 1900 390 1958 Non
422 1899 537 1956 desunt
568 1899 681 1956 tamen
708 1913 791 1970 quae
818 1897 1024 1956 Dziatzlronis
1046 1896 1243 1956 sententiam
1266 1894 1417 1968 amplecti

280 2007 477 2079 prohibeant.
519 2006 582 2064 Fac
612 2005 811 2065 Aeschinum
842 2019 953 2062 revera
986 2004 1153 2062 Sostratae
1185 2003 1279 2062 aedes
1307 2002 1417 2061 iniisse

281 2114 353 2186 post
391 2129 421 2170 v.
452 2113 518 2186 712,
559 2113 630 2185 quis
669 2113 747 2170 tunc
779 2112 854 2170 deos
887 2111 1110 2184 comprecatus
1144 2111 1217 2170 est?
1257 2111 1302 2169 Ut
1333 2111 1416 2168 hanc

281 2221 466 2279 molestiam
495 2219 635 2293 effugiat,
661 2218 814 2278 Dziatzko
837 2218 992 2291 expungit
1014 2233 1045 2278 1.
1068 2219 1134 2292 706,
1157 2217 1274 2277 Donati
1296 2217 1416 2276 scholio

281 2325 390 2400 fretus,
423 2327 477 2400 qui
498 2327 571 2384 huic
592 2341 688 2384 versu
711 2325 895 2398 adscripsit:
934 2325 1012 2399 „Hic
1034 2339 1147 2382 versus
1168 2325 1201 2382 in
1223 2323 1417 2397 quibusdam

281 2449 344 2493 non
382 2433 572 2493 invenitur’'.
615 2434 700 2492 Num
738 2433 836 2506 igitur
873 2432 964 2491 Micio
1002 2432 1072 2504 ipse
1102 2432 1162 2490 hoc
1195 2429 1417 2503 comprecandi

280 2555 413 2598 munere
437 2540 566 2598 functus
589 2541 649 2614 est,
671 2541 844 2612 postquam
867 2539 969 2598 abiit?
1010 2538 1068 2598 Cui
1089 2552 1165 2596 vero
1186 2537 1247 2596 hcc
1269 2535 1397 2606 credibil

280 2647 448 2721 videbitur,
481 2661 555 2705 cum
577 2647 650 2720 post
671 2661 791 2720 paucos
813 2660 879 2704 vss
901 2645 1004 2704 denuo
1024 2644 1133 2702 redeat
1155 2659 1186 2703 r.
1209 2644 1291 2702 719?
1331 2642 1416 2702 Nihil

281 2753 410 2813 molesti
430 2754 463 2811 in
485 2769 522 2813 eo
544 2755 603 2827 est,
626 2753 709 2826 quod
730 2755 790 2812 hoc
805 2752 893 2811 brevi
908 2752 1063 2824 temporis
1078 2750 1297 2825 praeterlapsu
1312 2750 1414 2808 servis

280 2860 486 2934 imperaverit
507 2875 628 2934 parare,
652 2876 735 2932 quae
756 2859 876 2934 nuptiis
899 2874 978 2932 opus
1003 2859 1111 2930 erant;
1132 2857 1163 2916 id
1182 2857 1292 2930 paucis
1311 2857 1416 2914 verbis

281 2968 425 3041 perfungi
446 2968 561 3040 potuit,
585 2968 619 3026 at
640 2981 834 3040 magnopere
856 2965 1054 3036 offendimur,
1077 2965 1191 3024 sitam
1205 2964 1418 3037 perfunctorie

283 3075 380 3148 atque
411 3074 553 3133 celeriter
584 3089 618 3131 re
649 3088 742 3132 sacra
773 3072 965 3146 fungeretur.
1009 3072 1140 3148 Quando
1171 3071 1305 3143 denique
1325 3071 1417 3128 rediit

281 3182 469 3255 Aeschinus,
500 3181 553 3254 qui
578 3196 608 3240 1.
628 3182 686 3239 899
707 3181 774 3238 iam
800 3180 886 3239 domi
909 3180 967 3254 est,
991 3195 1010 3238 a
1032 3179 1204 3238 Sostrata?
1246 3176 1418 3238 Conficitur

283 3289 393 3347 autem
414 3304 465 3346 res
481 3303 526 3362 eo,
549 3287 633 3360 quod
648 3287 758 3360 sponsi
773 3302 892 3345 munus
908 3287 985 3360 erat,
1001 3302 1065 3345 non
1080 3285 1181 3345 soceri
1196 3285 1271 3343 deos
1286 3285 1417 3357 precari,

282 3395 318 3453 ut
339 3395 468 3469 nuptias
491 3394 681 3454 faustarent.

322 3503 369 3561 Ne
400 3501 519 3560 diutius
550 3502 582 3559 in
614 3502 674 3560 hac
707 3516 740 3558 re
760 3514 874 3575 morer,
898 3515 983 3560 error
1004 3498 1210 3558 Dziatzkonis
1236 3498 1325 3556 ortus
1348 3511 1419 3554 esse

282 3608 407 3667 videtur
439 3624 456 3666 e
483 3608 580 3666 nimis
610 3609 707 3666 anxia
734 3608 996 3681 interpretatione
1016 3622 1047 3666 v.
1069 3607 1136 3680 940,
1160 3605 1214 3663 uhi
1234 3606 1294 3663 hoc
1316 3619 1417 3661 unum

281 3717 407 3788 spectat
421 3716 610 3782 Aeschinus,
626 3716 662 3773 ut
678 3715 761 3788 patri
776 3715 975 3788 persuadeat,
992 3713 1082 3773 llccci
1093 3727 1157 3772 non
1170 3711 1247 3770 facit
1258 3711 1417 3784 quomodo

281 3824 365 3880 hunc
386 3821 484 3880 finem
506 3823 698 3895 assequatur
719 3822 787 3879 sive
810 3821 1021 3895 „veriloquio”
1043 3821 1112 3878 sive
1129 3818 1315 3878 mendaciis.
1338 3818 1419 3878 Oum

282 3930 403 4002 optime
433 3930 544 3988 nosset
566 3928 708 3987 Micionis
729 3928 950 4001 integritatem
973 3928 1070 4000 atque
1091 3927 1247 3984 virtutem
1270 3924 1300 3983 et
1323 3925 1419 3983 sciret

282 4051 381 4108 quarn
402 4034 579 4095 molestum
601 4035 629 4093 ei
651 4036 746 4108 esset,
769 4035 797 4092 31
819 4036 875 4094 aut
897 4035 965 4108 ipse
987 4034 1043 4093 aut
1065 4032 1149 4091 filius
1171 4030 1267 4090 iidem
1288 4031 1420 4104 promis·
1478 4099 1481 4106 ,

283 4157 356 4200 sam
374 4141 543 4216 frangeret,
562 4142 700 4200 virtutes
719 4143 778 4201 has
796 4141 828 4202 in
848 4141 1056 4201 commodum
1075 4155 1172 4198 suum
1190 4139 1288 4196 vertit
1300 4137 1420 4197 adules-

283 4263 358 4307 cens
381 4249 478 4322 atque
498 4249 545 4307 ita
567 4263 677 4307 senem
698 4249 731 4307 in
753 4249 947 4307 sententiam
970 4262 1066 4306 suam
1088 4247 1258 4319 perducere
1275 4245 1418 4304 conatur.
