3368 5046
818 541 855 600 77

264 741 397 788 munere
427 727 496 800 ipse
529 727 617 786 Simo
643 725 796 800 fungitur.
819 726 981 800 suspicari
1004 726 1082 787 adeo
1103 726 1208 802 possis
1230 728 1269 787 ob
1291 743 1322 788 v.
1344 729 1404 789 173

267 836 336 911 „Ita
366 836 493 894 Davom
524 835 621 894 modo
652 834 768 893 timere
799 835 894 909 sensi,
928 834 983 892 ubi
1014 834 1144 907 nuptias
1173 833 1312 893 Futuras
1334 849 1405 894 esse

265 941 417 1001 audivit.'’
446 955 557 1000 senem
581 939 836 1015 perterrefooisse
856 939 912 998 11111
934 940 1130 1000 ministrum.
1152 940 1284 1000 Nullum
1305 940 1404 1014 igitur

264 1049 439 1122 vestigium
468 1048 598 1120 apperet
629 1047 736 1121 studii,
770 1048 854 1120 quod
886 1047 1045 1120 Kampius
1068 1047 1217 1107 Terentio
1240 1047 1403 1123 adtribuit,

266 1155 377 1215 Sosiae
398 1168 569 1228 personam
591 1153 720 1212 fabulae
741 1153 932 1227 argumento
954 1153 1149 1226 implicandi.

303 1261 479 1320 Videamus
510 1275 604 1333 nunc,
631 1275 687 1319 cur
710 1260 744 1318 in
765 1261 826 1319 hac
849 1259 977 1319 fabulae
997 1261 1089 1333 parte
1111 1260 1279 1320 Terentius
1303 1261 1405 1320 Perin-

264 1369 369 1428 thiam
399 1368 536 1427 Andriae
564 1367 759 1442 praetulerit.
781 1366 870 1426 Effioi
890 1369 950 1427 hoo
972 1368 1080 1442 potest
1102 1381 1142 1426 ex
1164 1369 1405 1441 comparatione

266 1490 380 1534 scenae
420 1476 543 1549 primae
578 1475 717 1534 Andriae
747 1491 793 1548 gr.
826 1475 858 1532 et
890 1489 1006 1532 scenae
1038 1474 1181 1533 eiusdem
1214 1475 1404 1537 Perinthiae.

266 1583 380 1656 Itaque
411 1597 486 1640 cum
507 1582 603 1641 modo
629 1582 832 1655 aliquatenus
857 1581 1074 1655 indicaverim,
1098 1581 1202 1654 qualis
1224 1582 1405 1642 Perinthiae

265 1690 369 1763 prima
390 1703 487 1747 scena
508 1689 611 1762 fuerit,
633 1688 720 1747 idem
742 1688 925 1746 faciendum
946 1688 985 1746 de
1006 1689 1125 1747 Andria
1146 1703 1271 1762 graeca.

305 1796 349 1856 Ut
372 1796 528 1854 evincitur
548 1795 670 1854 scholio
693 1795 732 1853 ad
753 1811 784 1854 v.
808 1797 854 1869 10,
877 1810 976 1868 supra
998 1811 1018 1854 0
1038 1811 1092 1854 me
1113 1795 1253 1869 laudato,
1265 1796 1405 1854 Andriae

266 1919 311 1976 gr.
347 1917 444 1961 scena
474 1902 578 1976 prima
610 1902 835 1960 Perinthianae
865 1916 1021 1975 perquam
1052 1902 1168 1962 similis
1200 1903 1279 1962 erat.
1320 1902 1405 1960 Nihil

265 2009 383 2083 obstat,
417 2010 589 2082 quominus
611 2008 782 2081 suspiceris
804 2009 890 2066 senis
913 2009 1119 2082 soliloquium
1139 2009 1183 2068 101
1204 2009 1362 2082 incepisse
1383 2024 1403 2068 0

266 2131 296 2176 1.
318 2117 366 2190 01,
389 2116 576 2189 praemissis
597 2116 744 2174 versibus
765 2116 885 2190 paucis
909 2116 1025 2189 quibus
1046 2116 1244 2189 spectatores
1260 2116 1405 2176 edoceret

268 2223 356 2282 Simo
377 2237 469 2296 spem
490 2223 618 2296 bonam,
642 2237 741 2295 quam
763 2222 802 2280 de
822 2221 886 2281 filio
905 2223 1046 2296 11000101,
1062 2237 1161 2295 nuper
1172 2222 1405 2282 labefactatam

268 2343 347 2388 esse.
384 2329 416 2388 V.
445 2329 584 2388 51-162
605 2329 686 2386 item
710 2328 774 2386 11110
802 2329 903 2388 100100
926 2328 1026 2387 fuisse
1048 2329 1222 2388 admodum
1243 2329 1406 2401 probabile

268 2436 333 2496 est:
366 2435 485 2493 etenim
515 2435 548 2493 in
573 2435 624 2493 his
648 2436 795 2493 versibus
816 2436 988 2494 nanantur
1010 2451 1057 2508 00,
1080 2450 1163 2509 quae
1184 2435 1404 2508 spectatorum

267 2541 419 2600 intererat
440 2542 522 2600 scire
543 2542 581 2600 de
602 2542 688 2599 senis
710 2542 852 2602 consilio.

308 2648 428 2708 Iamsi
450 2648 632 2707 Perinthiae
654 2649 685 2706 et
708 2648 847 2707 Andriae
868 2664 914 2721 gr.
936 2662 1069 2706 scenam
1091 2648 1230 2720 primam
1249 2648 1403 2723 00110100,

268 2769 332 2815 non
351 2755 386 2812 te
403 2755 512 2828 fugiet,
531 2769 587 2813 our
602 2755 770 2814 Terentius
786 2755 923 2813 alteram
939 2755 1030 2813 alteri
1044 2754 1239 2828 praetulerit.
1260 2754 1404 2814 Evitavit

268 2862 473 2935 soliloquium
504 2861 741 2936 longissimum,
775 2862 858 2935 quod
886 2862 919 2920 in
940 2862 1061 2922 Andria
1081 2878 1127 2936 gr.
1150 2863 1219 2920 erat
1241 2863 1273 2920 01
1296 2877 1406 2935 quam·

270 2983 368 3041 quarn
408 2968 589 3027 Perinthiae
623 2983 720 3026 scena
751 2969 855 3041 prima
886 2984 950 3027 non
981 2969 1123 3027 multum
1156 2967 1292 3029 actionis
1324 2983 1406 3041 quae

269 3075 384 3134 dicitur
404 3076 552 3149 11000001,
568 3075 680 3133 tamen
690 3075 888 3148 interpositis
900 3076 1009 3134 uxoris
1021 3076 1190 3134 sententiis
1202 3075 1403 3149 quibusdam,
1522 3097 1525 3103 ·

270 3181 377 3241 addito
408 3181 547 3241 fortasse
578 3183 749 3255 prooemio,
783 3198 845 3255 quo
877 3183 987 3241 uxoris
1014 3184 1160 3242 animum
1184 3182 1404 3256 praeparabat,

269 3289 375 3362 magis
396 3289 563 3362 variegata
585 3289 653 3347 erat
676 3290 708 3346 et
729 3289 886 3348 maiorem
908 3289 1055 3362 colloquii
1073 3290 1213 3362 speciem
1223 3288 1406 3362 praebebat.

271 3397 370 3455 Favet
396 3398 534 3470 opinioni
559 3412 660 3472 meae,
687 3397 771 3471 quod
794 3398 868 3456 alibi
889 3412 1015 3471 quoque
1037 3397 1197 3454 cernimus
1220 3395 1406 3454 Terentium

271 3504 421 3562 omisisse
442 3505 498 3562 aut
520 3505 668 3562 mutasse
689 3504 857 3577 soliloquia
877 3504 1030 3576 longiora.
1054 3503 1099 3562 cf.
1121 3519 1183 3576 pag
1206 3503 1233 3561 1.
1256 3501 1327 3560 adn.

311 3611 495 3684 Antequam
512 3609 609 3670 finem
623 3611 789 3684 imponam
805 3611 1018 3684 disquisitioni
1031 3610 1113 3684 huic,
1131 3609 1231 3667 etiam
1246 3607 1405 3681 agendum

273 3717 311 3775 de
338 3717 482 3776 Nenoinii
510 3718 667 3790 opinione
707 3718 764 3776 llle
790 3733 934 3791 causam,
957 3732 1013 3776 cur
1035 3717 1203 3776 Terentius
1227 3715 1407 3775 Perinthiae

272 3837 404 3883 scenam
425 3825 564 3898 pn'mam
584 3825 707 3883 imitari
728 3825 887 3896 maluerit,
909 3825 982 3882 inde
997 3824 1120 3896 repetit,
1136 3823 1220 3896 quod
1233 3822 1289 3880 illa
1302 3822 1406 3881 multo

274 3931 396 3990 auctior
429 3931 526 4004 atque
558 3931 693 4004 amplior
725 3930 839 3988 suisset
871 3945 970 4003 quam
1004 3930 1116 3988 eadem
1146 3930 1180 3987 in
1211 3929 1331 3988 Andria
1361 3943 1407 4000 gr.

273 4037 442 4112 Repugnat
469 4038 582 4096 tamen
610 4052 709 4111 quam
737 4038 1023 4096 vehementissime
1050 4037 1209 4096 scholium
1239 4035 1277 4094 ad
1305 4051 1336 4094 v.
1359 4035 1406 4108 10,

274 4159 372 4216 quam
403 4144 589 4203 molestiam
617 4144 703 4202 facili
731 4159 827 4217 opera
853 4143 938 4202 tollit
965 4159 1050 4202 nova
1078 4145 1110 4201 et
1130 4143 1285 4209 inaudita,
1308 4156 1408 4214 paene

273 4251 448 4323 sophistica
470 4251 682 4324 explicatione
702 4250 822 4310 scholii.
857 4250 937 4308 Vide
958 4265 987 4322 p.
1010 4252 1064 4310 26:
1089 4250 1211 4325 „Verba
1231 4248 1349 4307 Donati
1370 4262 1408 4306 ea
