3386 5046
814 535 852 592 46

266 737 458 782 conservum
469 722 557 782 intus
568 735 685 781 vocare
695 737 725 779 V.
738 721 806 780 776.
828 720 1117 780 Prodeambulabat
1129 721 1240 794 igitur;
1258 722 1314 780 sed
1325 737 1400 781 cum

264 830 386 887 videret
407 829 562 887 Demeam
581 829 613 886 in
629 827 723 888 aedes
738 828 922 900 irruentem,
939 828 1108 886 constituit
1121 829 1154 886 in
1168 829 1279 886 tutum
1292 828 1400 888 locum

264 951 300 994 se
321 935 477 1007 conferre;
500 934 597 994 simul
619 935 730 994 tamen
751 949 847 1009 prope
868 949 999 992 manere
1019 935 1149 1008 cupivit,
1172 951 1212 993 ne
1233 935 1400 994 dominum

264 1056 394 1116 prorsus
416 1042 583 1100 desereret.
616 1041 685 1100 Hac
708 1041 746 1099 de
767 1055 866 1100 causa
887 1041 1033 1099 maxime
1052 1041 1202 1100 idoneum
1226 1042 1254 1099 ei
1274 1042 1401 1100 videtur

264 1164 319 1222 per
336 1148 531 1223 posticulum
550 1163 622 1206 sese
639 1147 803 1206 insinuare
812 1147 845 1204 in
856 1147 982 1220 partem
995 1147 1138 1206 abditam
1151 1148 1288 1222 aedium,
1301 1149 1400 1208 donec

263 1255 452 1328 tempestas
465 1254 644 1328 paullulum
665 1253 794 1327 placata
815 1253 867 1312 sit.
890 1253 935 1313 Cf.
957 1253 1111 1314 Dziatzlro
1134 1255 1192 1315 Ad.
1211 1255 1291 1315 Einl.
1306 1271 1335 1329 p.
1352 1257 1398 1315 13.

184 1351 187 1356 ’
304 1362 481 1434 Postquam
513 1361 654 1419 vidimus
687 1359 877 1420 offensiones
908 1360 980 1418 illas
1013 1361 1069 1418 aut
1101 1360 1206 1419 nullas
1239 1376 1310 1420 esse
1342 1363 1399 1420 aut
1499 1409 1500 1412 1

263 1483 392 1542 prorsus
427 1469 523 1542 leves,
560 1468 627 1528 iarn
665 1467 908 1540 investigemus,
942 1482 983 1524 an
1014 1467 1159 1526 Nencinii
1190 1469 1328 1541 suspicio
1361 1469 1399 1527 de

264 1575 438 1648 exemplari
470 1589 583 1648 graeco
617 1574 819 1647 aliquantum
850 1573 917 1630 veri
948 1573 999 1631 vel
1031 1574 1131 1632 etiarn
1162 1575 1397 1647 probabilitatis

262 1683 402 1754 speciem
437 1682 565 1740 habeat.
608 1681 706 1740 Putat
742 1680 824 1753 apud
855 1680 1064 1739 Menandrum
1096 1679 1235 1738 defuisse
1266 1697 1296 1741 v.
1329 1684 1395 1755 706,

262 1789 458 1848 remansisse
478 1788 576 1860 igitur
597 1788 631 1846 in
652 1803 749 1846 scena
770 1787 946 1845 Micionem.
969 1787 1126 1845 Attamen
1144 1803 1398 1860 parumoonsen-

261 1896 396 1954 taneum
424 1895 550 1953 videtur
572 1895 768 1953 Aeschinum
789 1893 973 1954 locuturum
995 1893 1094 1952 fuisse
1114 1895 1265 1967 paternas
1286 1895 1396 1953 laudes

262 2017 292 2060 v.
315 2003 471 2060 707-711
495 2016 604 2060 coram
622 2001 701 2074 ipso.
723 2001 901 2060 Aeschinus
916 2000 1013 2073 igitur
1028 2017 1058 2060 v.
1075 2002 1132 2060 712
1147 2002 1290 2060 Minionis
1303 2001 1396 2060 aedes

261 2108 412 2180 intrabat,
445 2087 535 2166 Micio
569 2108 751 2179 Sostratam
780 2123 857 2164 narn
879 2107 962 2180 quod
984 2107 1060 2165 dicit
1081 2108 1262 2179 NenciniuS,
1285 2123 1395 2166 senem

261 2231 292 2274 v.
315 2217 372 2274 757
394 2214 525 2272 demum
544 2214 693 2272 mulieres
710 2213 834 2286 adiisse,
849 2213 995 2286 ineptum
1011 2215 1069 2287 est,
1086 2215 1160 2286 quia
1175 2215 1258 2288 apud
1272 2216 1396 2274 Menan·

262 2321 355 2380 drum
389 2321 420 2378 id
455 2321 609 2394 temporis
643 2321 764 2405 Demea
795 2335 957 2392 nusquam
990 2320 1067 2393 erat,
1100 2322 1136 2378 ut
1167 2321 1220 2379 ille
1252 2321 1395 2380 fabulam

262 2443 412 2501 graecam
442 2427 541 2486 luisse
568 2427 630 2486 sibi
657 2425 757 2500 fingit.
787 2427 868 2486 Cum
896 2443 927 2487 v.
953 2429 1009 2486 787
1036 2427 1138 2485 exiret
1164 2443 1183 2485 a
1207 2428 1393 2486 mulieribus

260 2535 360 2610 Micio,
386 2535 492 2608 paullo
518 2534 609 2594 aliter
635 2549 689 2592 eas
715 2534 863 2592 adlocuta
889 2535 947 2607 est,
971 2549 1069 2607 quarn
1092 2535 1175 2607 apud
1198 2535 1393 2608 Terentium,

260 2642 381 2700 scilicet
403 2657 443 2700 ne
460 2642 635 2700 molestum
654 2641 705 2714 sit,
729 2641 812 2714 quod
830 2641 1008 2700 Aeschinus
1026 2657 1057 2700 u.
1076 2643 1134 2699 899
1153 2641 1191 2698 de
1208 2641 1394 2714 nuptiarum

259 2749 414 2808 tarditate
435 2749 595 2822 queratur,
619 2763 694 2806 cum
714 2749 765 2807 hic
786 2747 854 2806 iam
876 2748 986 2807 omnia
1007 2748 1121 2820 parata
1143 2762 1214 2805 esse
1238 2748 1392 2806 dicantur.

261 2855 443 2928 supersedit
474 2856 587 2914 tamen
619 2855 720 2912 dicere
751 2854 932 2928 Nencinius‚
966 2853 1040 2927 quid
1070 2853 1198 2912 locutus
1231 2855 1273 2911 sit
1302 2855 1394 2914 Micio

259 2962 393 3037 mulieri,
430 2963 513 3034 quod
547 2963 658 3022 nostra
693 2963 774 3020 scire
809 2961 950 3020 multum
984 2961 1165 3020 interesset.
1211 2961 1393 3033 Sequuntur

260 3085 290 3126 v.
303 3070 469 3142 763-766,
493 3083 572 3140 quos
595 3070 695 3141 Syrus
716 3069 856 3142 loquitur
877 3069 910 3125 in
924 3083 1056 3126 scenam
1070 3067 1257 3140 procedens;
1269 3065 1393 3141 fstatim

259 3191 334 3235 vero
364 3191 382 3232 a
412 3175 539 3234 domino
568 3175 701 3234 domum
730 3176 872 3250 repetere
896 3175 1029 3248 cogitur.
1070 3175 1161 3232 Nunc
1183 3175 1250 3233 iam
1271 3175 1392 3234 Demea

258 3283 339 3340 redit
375 3283 414 3340 ab
451 3281 669 3340 ambulatione
702 3283 792 3340 irrita
826 3281 1022 3354 fratremque
1053 3281 1275 3353 conspicatur;
1309 3282 1391 3355 apud

259 3389 466 3448 Menandrum
498 3389 595 3460 igitur
625 3390 703 3447 tunc
735 3389 928 3462 sequebatur
959 3387 1161 3462 colloquium,
1195 3387 1278 3460 quod
1306 3403 1390 3446 nunc

257 3496 374 3569 legitur
401 3513 431 3555 v.
460 3493 627 3554 713-762.
671 3495 704 3553 Si
731 3495 778 3554 ita
806 3511 857 3553 res
885 3496 1037 3553 instituta
1062 3496 1140 3569 erat,
1162 3496 1387 3568 quaerendum,

258 3603 417 3675 quomodo
444 3603 478 3660 111
506 3603 681 3676 exemplari
708 3617 822 3675 graeco
852 3602 1076 3675 Ctesiphonem
1105 3602 1193 3659 intus
1221 3601 1389 3674 potantem

258 3724 333 3768 cum
355 3710 488 3782 psaltria
509 3710 665 3768 detexerit
686 3710 815 3769 Demea.
838 3710 875 3767 In
897 3710 957 3767 hac
979 3711 1089 3767 autem
1104 3724 1138 3766 re
1152 3707 1280 3766 fabulae
1294 3708 1388 3767 cardo

257 3817 407 3889 vestitum
436 3832 513 3875 nam
534 3817 655 3874 Demea
675 3814 809 3874 fiduciae
830 3816 941 3888 plenus
964 3813 1187 3888 confidensque
1208 3814 1258 3872 est
1280 3829 1388 3886 quam-

257 3923 309 3981 diu
340 3923 471 3982 tantum
502 3924 652 3982 Aeschini
681 3923 822 3982 facinora
850 3923 920 3997 scit,
950 3923 1005 3980 sed
1034 3937 1108 3980 cum
1137 3921 1295 3994 intelligat
1324 3935 1388 3979 non

256 4031 361 4102 magis
403 4030 485 4102 frugi
526 4045 597 4088 esse
638 4031 872 4104 Ctesiphonem,
915 4045 1010 4102 quern
1051 4030 1120 4102 ipse
1161 4028 1308 4086 educavit
1350 4041 1387 4084 ac

255 4139 405 4196 iuvenem
431 4138 603 4196 honestum
625 4139 873 4209 modestamque
894 4136 990 4210 ducit,
1013 4135 1197 4195 constantia
1218 4136 1286 4192 eius
1306 4133 1388 4192 labe

258 4244 398 4302 lactatur
420 4245 517 4316 atque
539 4244 629 4303 fratri
650 4259 766 4304 manus
789 4244 864 4301 dare
884 4243 1016 4315 cogitur.
