3386 5046
833 514 869 572 31

286 702 406 776 „raptio
439 702 470 759 et
502 701 623 760 reditus
650 701 781 773 scilieet,
804 700 913 759 omnia
934 700 1001 758 iam
1022 699 1095 758 inde
1117 701 1156 766 ab
1178 700 1270 760 initio
1292 700 1421 760 fabulae

286 809 396 882 ,gesta
428 809 519 866 erant
555 839 585 846 -
622 807 653 866 et
685 807 815 880 quidem
845 807 878 864 in
910 807 1013 880 primo
1046 808 1122 865 aetu
1149 822 1259 866 rumor
1281 808 1358 866 faeti
1380 809 1419 868 ad

286 915 443 990 „Demeae
474 929 567 973 aures
599 916 666 973 iam
698 914 886 988 pervenerat
912 915 936 973 Ι.
959 917 978 973 2
1005 943 1034 952 -
1060 929 1118 973 neo
1139 929 1215 973 vero
1237 915 1265 973 si
1286 916 1365 973 haec
1385 915 1419 974 in

285 1024 372 1096 ,ipso
386 1021 516 1080 fabulae
532 1021 744 1080 Menandreae
756 1021 849 1080 initio
867 1022 941 1080 aeta
955 1021 1155 1094 putarentur,
1170 1020 1417 1096 intellegeretur,

285 1143 359 1204 ,our
398 1129 567 1187 Terentius
599 1127 715 1202 Diphili
748 1127 926 1202 episodium
958 1127 990 1186 in
1023 1127 1205 1186 Menandrei
1236 1127 1353 1202 locum,
1386 1129 1419 1186 in

287 1234 433 1309 ,fabulae
464 1235 585 1294 scilieet
617 1235 794 1308 exordium,
826 1249 890 1294 non
912 1233 1144 1294 transtulisset.
1184 1236 1228 1293 rit
1249 1235 1278 1293 si
1296 1250 1334 1294 ea
1355 1251 1418 1295 nou

287 1342 490 1416 ,agebantur,
503 1342 645 1416 profecto
657 1343 901 1401 narrabantur''.
920 1341 1115 1414 Exsequitur
1126 1341 1246 1416 deinde,
1259 1343 1418 1416 quomodo

285 1449 407 1522 primus
421 1450 513 1507 aetus
525 1448 735 1507 Menandreus
747 1449 807 1506 sibi
818 1448 1016 1508 constitutus
1029 1448 1129 1506 fuisse
1139 1449 1295 1509 videatur.
1309 1451 1378 1523 ,Sa
1391 1451 1418 1510 l.

287 1557 405 1630 ,Syrus
427 1557 537 1614 narrat
559 1554 647 1615 solus
670 1556 747 1614 ante
768 1556 842 1614 aeta
861 1555 882 1612 i.
905 1570 930 1615 e.
954 1556 1135 1628 raptionem
1153 1555 1277 1628 puellae
1288 1556 1420 1630 eiusque

287 1663 537 1737 ,deductionem
564 1694 593 1702 —
620 1663 670 1722 So.
683 1664 710 1722 2.
732 1663 807 1721 Exit
822 1662 922 1736 Micio,
940 1663 1057 1734 Syrum
1073 1663 1111 1720 de
1125 1661 1188 1722 lilio
1204 1663 1418 1737 percontatur,

287 1770 356 1845 ,eui
384 1785 497 1828 servus
525 1770 624 1828 verba
653 1769 708 1828 dat
735 1768 902 1842 filiumque
930 1769 1072 1828 nondum
1093 1769 1226 1827 rediisse
1245 1770 1418 1830 mentitur:

288 1877 379 1951 ,tum
402 1878 482 1950 Syro
501 1876 642 1950 profecto
663 1877 755 1935 Micio
778 1870 925 1936 ea'solus
946 1876 1087 1950 loquitur
1108 1877 1228 1950 (Sea),
1241 1891 1323 1948 quae
1338 1877 1420 1950 apud

288 1985 493 2058 ,Terentium
517 1999 535 2042 a
556 1984 653 2042 tertio
674 1983 747 2042 inde
768 1998 864 2041 versu
885 1983 1064 2056 leguntur”.
1096 1983 1193 2042 Addit
1216 1983 1351 2057 denique
1371 1984 1420 2042 vir

286 2091 414 2151 doetus:
448 2092 538 2166 ,Iam
569 2091 597 2148 si
629 2091 716 2149 reete
739 2091 905 2162 hueusque
926 2091 1130 2163 eonieoimus,
1154 2091 1327 2149 obscurum
1349 2105 1421 2150 esse

287 2213 368 2270 ,non
389 2197 505 2272 potest,
529 2213 591 2269 quo
613 2197 793 2257 doctissimi
805 2196 950 2256 omnium
962 2197 1184 2256 Romanorum
1195 2197 1255 2255 viri
1265 2197 1419 2255 iudicium

287 2305 509 2378 ,spectaverit
551 2305 636 2363 Nam
671 2304 732 2364 duo
771 2305 803 2361 in
839 2305 908 2377 ipso
941 2303 1069 2362 fabulae
1099 2304 1211 2363 limine
1241 2305 1417 2378 soliloquia,

288 2412 378 2485 ,Syri
410 2412 441 2469 et
473 2411 626 2485 Minionis
660 2426 761 2484 eaque
781 2427 846 2470 non
867 2412 914 2469 ita
936 2411 1054 2484 brevia,
1081 2426 1164 2483 quae
1187 2425 1259 2469 sese
1279 2411 1418 2470 invicem

286 2520 376 2587 „tam
418 2533 528 2592 presse
548 2519 739 2592 exciperent,
772 2518 894 2576 nemini
925 2518 1051 2590 probari
1081 2519 1239 2591 poterant,
1263 2518 1317 2590 qui
1338 2533 1418 2577 sano

288 2626 449 2699 ,uteretur
468 2625 615 2685 iudicio'’.

326 2732 385 2806 Qui
399 2732 522 2805 integro
539 2731 647 2791 animo
661 2732 740 2790 haec
755 2731 875 2805 legerit,
891 2747 954 2790 non
966 2731 1132 2805 intelliget,
1144 2730 1245 2806 oredo,
1258 2731 1418 2803 quomodo

285 2839 342 2910 vir,
382 2839 436 2912 qui
476 2853 573 2912 ,sano
613 2839 715 2896 utitur
751 2839 896 2911 iudicio”,
915 2868 916 2872 =
935 2837 1014 2896 tali-a
1052 2838 1223 2897 Menandro
1259 2839 1420 2912 imputare

272 2945 484 3030 sustinuerit.
525 2946 618 3004 Unde
650 2945 736 3003 enim
765 2945 825 3003 sibi
852 2945 1001 3018 sumpsit,
1023 2946 1060 3003 ut
1082 2945 1144 3004 duo
1165 2945 1220 3004 illa
1241 2945 1417 3020 soliloquia,
1509 3004 1511 3009 .

285 3052 357 3111 tota
388 3051 427 3109 de
457 3067 516 3110 suo
546 3050 632 3125 fieta,
661 3052 752 3111 initio
785 3051 913 3110 fabulae
943 3052 1153 3110 Menandreae
1183 3052 1289 3124 posita
1321 3052 1420 3110 fuisse

285 3159 514 3218 contenderet?

324 3265 501 3324 Videamus
522 3266 589 3324 iam
608 3265 646 3324 de
664 3266 872 3339 argumentis,
893 3266 1007 3338 quibus
1026 3265 1245 3325 coniecturam
1263 3266 1418 3325 audacem

285 3372 536 3432 commendavit.
569 3374 602 3432 P.
636 3373 703 3432 133.
748 3373 884 3447 ,syrum
915 3373 1071 3446 raptionis
1103 3374 1273 3433 eonsilium
1295 3373 1420 3431 dedisse

288 3493 323 3553 ,e
350 3479 397 3537 ΙΙΙ
425 3481 453 3538 3.
480 3481 518 3537 14
540 3480 680 3553 apparet,
704 3495 778 3537 eum
799 3479 937 3552 raptioni
957 3479 1142 3538 interfuisse
1162 3480 1230 3537 veri
1251 3481 1301 3537 est
1322 3479 1419 3538 simil·

288 3585 430 3660 ,limum
463 3601 513 3643 res
536 3587 629 3644 extra
650 3601 783 3644 scenam
805 3590 915 3659 gestas
938 3586 1013 3644 alibi
1034 3602 1160 3660 quoque
1180 3587 1227 3644 ΠΙ
1249 3589 1277 3646 3.
1301 3587 1338 3644 12
1360 3602 1418 3660 sqq

288 3694 492 3766 ,narrantem
514 3693 808 3766 deprehendimus”.
849 3694 1060 3766 Nequaquam
1083 3707 1214 3752 necesse
1238 3694 1296 3766 est,
1320 3694 1356 3751 ut
1371 3693 1419 3751 ita

287 3800 432 3860 statuas:
462 3800 502 3858 ad
530 3799 663 3858 insidias
685 3800 771 3858 enim
793 3800 963 3858 struendas
986 3815 1064 3873 opus
1087 3802 1156 3858 erat
1178 3802 1267 3874 syro,
1289 3800 1420 3859 homine

286 3904 376 3965 vafro
398 3906 430 3963 et
452 3906 574 3983 callido,
597 3906 637 3964 ad
658 3907 788 3980 raptum
809 3907 916 3980 ipsum
937 3923 1001 3966 non
1022 3907 1079 3966 ita.

326 4012 445 4070 Deinde
465 4013 525 4072 hoo
546 4013 685 4074 invenit:
723 4013 828 4088 ,Quod
851 4013 932 4072 Geta
952 4013 1239 4072 vehementissime
1258 4013 1420 4073 invehitur

285 4117 319 4176 in
352 4119 608 4193 ,impulsorem'',
642 4121 698 4180 ΙΙΙ.
732 4122 759 4180 2,
793 4121 828 4180 17
863 4121 912 4194 „id
936 4120 1110 4180 manifesto
1139 4122 1189 4178 est
1210 4120 1325 4179 indicio
1348 4121 1419 4192 syri

287 4226 395 4297 partes
425 4227 458 4285 in
491 4227 636 4300 raptione
655 4227 722 4285 iam
743 4228 839 4286 notas
862 4227 961 4285 tuisse
981 4243 1045 4287 non
1066 4227 1161 4286 modo
1183 4227 1315 4300 civibus,
1339 4241 1418 4300 quos
