3386 5046
821 525 859 583 44

311 712 382 770 Non
414 711 519 784 magis
552 710 702 770 Neucinio
729 710 880 770 hocloco
902 711 1062 770 satisfecit
1085 713 1262 788 Terentius,
1286 715 1410 787 quade

272 832 371 876 causa
392 833 421 891 p.
445 819 503 876 140
525 831 593 890 sqq.
617 817 801 890 suspicatur
813 817 1114 890 apudMenandrum
1125 835 1195 878 rem
1208 820 1300 880 aliter
1312 821 1409 894 atque

272 923 387 982 melius
419 924 607 982 institutam
640 923 748 984 tuisse.
793 926 888 999 ,Post
918 925 1001 984 hanc
1023 940 1155 984 scenam
1178 927 1221 985 IV
1243 929 1270 1002 5,
1293 927 1407 1002 inquit,

273 1029 443 1105 ,nonnulla
475 1031 509 1089 in
540 1030 668 1089 tabulae
682 1031 887 1090 oeconomia
911 1033 948 1089 ut
971 1047 989 1090 a
1015 1033 1164 1092 Terentio
1186 1034 1316 1093 mutata
1338 1049 1409 1093 esse

273 1137 433 1211 „arbitron
446 1152 510 1196 non
520 1136 584 1195 levi
596 1137 734 1196 adducor
748 1138 1036 1210 argumentatione.
1059 1139 1150 1198 Micio
1162 1155 1192 1199 v.
1205 1141 1263 1199 706
1275 1141 1408 1200 domurn

272 1244 390 1317 „intrat
424 1244 459 1302 ut
491 1259 574 1316 quae
605 1259 685 1317 opus
718 1245 794 1302 sunt
827 1244 867 1303 ad
889 1245 1019 1318 nuptias
1041 1247 1209 1319 parentur:
1242 1247 1309 1306 exit
1334 1250 1407 1321 post

273 1365 410 1424 ,paucos
442 1365 555 1408 versus
590 1352 621 1408 et
654 1351 763 1409 omnia
794 1352 908 1424 parata
940 1367 1012 1410 esso
1042 1354 1215 1427 renuntiat,
1239 1355 1275 1412 ut
1297 1355 1406 1429 nupta,

273 1457 344 1530 „uti
368 1457 510 1530 primurn
532 1457 680 1516 Sostrata
702 1457 788 1532 velit,
812 1458 994 1532 deducatur,
1018 1475 1048 1519 v.
1071 1461 1137 1532 719,
1162 1461 1228 1520 787.
1251 1461 1321 1520 Hoc
1341 1461 1408 1520 iarn

273 1563 410 1637 „mirum
432 1578 488 1636 pro
509 1564 664 1636 temporis
686 1564 819 1624 ratione.
842 1564 903 1623 Sed
921 1565 1051 1638 gravius
1064 1566 1217 1626 adieram.
1230 1568 1408 1640 Postquam

272 1670 381 1743 „Micio
410 1667 647 1743 significaverat
676 1670 784 1729 omnia
813 1671 873 1729 sibi
903 1672 934 1729 et
962 1669 1026 1731 filio
1048 1672 1253 1746 inpromptu
1276 1689 1347 1732 esse
1369 1675 1408 1732 ad

273 1791 394 1849 „novae
415 1777 535 1849 nuptae
557 1776 788 1851 deductionem,
812 1777 924 1836 multis
946 1778 1076 1852 insuper
1097 1781 1201 1838 scenis
1222 1781 1407 1854 interiectis

273 1880 374 1955 „filius
406 1883 484 1941 haec
508 1883 552 1941 ait
574 1898 604 1943 r.
627 1885 686 1942 899
708 1899 761 1956 sq:
793 1885 966 1958 ,Occidunt
988 1901 1042 1944 me
1063 1886 1192 1958 quidem
1213 1887 1290 1944 dum
1311 1888 1407 1944 nimis

273 1990 422 2062 „sanctas
454 1990 583 2062 nuptias
615 1989 746 2048 student
779 1990 898 2051 facere:
930 1992 963 2049 in
996 1992 1177 2065 adparando
1213 1995 1408 2052 consumunt

273 2094 405 2170 „diem”.
435 2096 527 2154 Itane
554 2110 677 2170 verum,
708 2097 888 2155 etiamnum
917 2098 1062 2172 adparari
1084 2115 1167 2172 quae
1187 2099 1290 2159 multo
1313 2102 1409 2159 antea

274 2202 447 2275 „adparata
469 2217 541 2260 esse
562 2203 856 2263 renuntiabantur?
877 2205 994 2280 Quodsi
1014 2206 1113 2264 etiam
1127 2207 1323 2280 reputaveris
1334 2209 1408 2280 post

273 2309 373 2382 ,hano
395 2323 527 2367 scenam
542 2310 585 2367 IV
600 2312 618 2368 5
632 2310 776 2383 itemque
790 2312 904 2383 postu.
917 2313 975 2370 786
988 2312 1041 2376 (sc.
1055 2314 1229 2385 antequam
1242 2314 1409 2372 Sostratae

273 2415 385 2489 ,domo
408 2416 503 2473 exeat
525 2416 625 2486 Micio)
646 2431 778 2475 scenam
800 2432 939 2476 vacuam
960 2418 1103 2492 relinqui,
1121 2420 1182 2477 etsi
1196 2435 1299 2478 novus
1316 2421 1408 2478 actus

273 2537 354 2596 „non
397 2522 568 2596 exorditur,
612 2524 692 2581 haec
735 2525 843 2582 omnia
886 2526 968 2598 apud
1010 2526 1219 2584 Menandrum
1261 2542 1325 2586 non
1361 2527 1409 2586 ita

272 2629 517 2701 „administrata
540 2611 639 2688 tuisse
659 2631 728 2688 iure
749 2632 930 2704 suspiceris,
953 2633 1025 2691 lam
1046 2648 1159 2690 versus
1182 2634 1240 2692 706
1267 2665 1296 2671 -
1325 2633 1409 2692 unde

273 2736 379 2808 „patet
400 2735 569 2796 Micionem
591 2736 724 2796 domum
747 2752 841 2796 suam
863 2738 983 2811 ingredi
1005 2771 1045 2779 —-
1066 2740 1259 2812 quibusdam
1281 2755 1409 2799 manus·

273 2842 399 2915 ,criptis
421 2842 529 2916 defuit,
553 2844 677 2903 Donato
699 2845 785 2902 teste
807 2845 846 2902 ad
865 2845 917 2904 hl.
933 2847 965 2903 et
979 2846 1127 2904 versiculi
1143 2848 1261 2905 tal-e
1275 2862 1408 2919 gravern

273 2949 410 3022 ,habent
433 2949 641 3008 offensionem
663 2951 777 3023 quippe
793 2952 908 3024 quitus
925 2953 1025 3024 Syrus
1041 2952 1245 3011 ambulatum
1261 2968 1408 3026 egressus

272 3070 320 3126 „u
333 3055 389 3113 767
412 3055 500 3113 nulla
521 3071 606 3115 nova
628 3057 736 3117 addita
758 3072 858 3116 causa
876 3059 1010 3118 domurn
1024 3060 1141 3117 reverti
1155 3057 1310 3133 fingatur:
1326 3060 1409 3119 unde

273 3175 387 3234 „scena
418 3177 522 3220 vacua
553 3160 599 3222 fit.
633 3164 752 3238 Quibus
783 3165 932 3224 omnibus
964 3167 1134 3238 pensitatis
1167 3181 1217 3224 res
1245 3166 1293 3224 ita
1325 3167 1408 3240 apud

272 3269 498 3343 ,Menandrum
521 3270 695 3342 dispositae
717 3271 816 3329 fuisse
837 3273 917 3330 mihi
928 3273 1085 3347 videntur,
1099 3275 1135 3331 ut
1146 3274 1237 3332 Micio
1249 3275 1322 3346 post
1334 3273 1407 3333 IV5

273 3376 321 3449 ,in
350 3391 447 3434 scena
469 3378 615 3434 maneret
637 3378 668 3434 et
690 3393 721 3436 u.
734 3379 790 3436 757
814 3379 997 3438 Sostratam
1020 3380 1203 3439 conveniret
1224 3380 1409 3439 sciscitandi

272 3497 389 3556 „causa
407 3483 481 3555 quid
503 3483 541 3540 de
561 3499 734 3556 puerperae
752 3485 939 3545 deductione
953 3487 1162 3544 statuendum
1178 3488 1280 3560 esset;
1295 3487 1408 3560 postea

272 3604 364 3662 „vcro
386 3605 417 3649 v.
430 3591 486 3649 787
511 3591 695 3649 Sostratam
716 3592 835 3665 paucis,
853 3593 929 3650 dum
945 3593 1055 3666 exiret,
1069 3593 1236 3653 adlocutus
1254 3625 1282 3632 —
1302 3593 1408 3666 paullo

272 3695 382 3770 „aliter
410 3712 508 3768 quarn
535 3697 618 3770 apud
645 3699 832 3756 Terentium
855 3731 884 3737 —
915 3701 1033 3772 Syrum
1053 3701 1086 3758 in
1108 3715 1204 3758 scena
1226 3699 1406 3773 offenderet,

272 3802 343 3876 „qui
374 3803 552 3877 intercepta
581 3805 701 3863 domini
723 3805 863 3863 adventu
894 3807 1112 3866 ambulatione
1140 3807 1274 3866 domum
1302 3807 1409 3880 petere

272 3910 464 3982 „cogeretur
497 3911 630 3968 Interim
664 3912 784 3970 Demea
816 3912 960 3971 defessus
994 3913 1187 3973 ambulando
1215 3914 1248 3972 in
1276 3928 1408 3972 scenam

272 4015 370 4089 „redit
403 4015 600 4090 fratremque
632 4019 850 4091 conspicatur:
883 4035 987 4080 novae
1015 4021 1053 4078 de
1073 4021 1232 4079 Aeschino
1254 4020 1409 4092 querimo-

272 4122 362 4195 ,niae
397 4124 538 4182 exortae.
576 4125 637 4182 Sed
673 4125 727 4185 ubi
759 4141 859 4184 senex
891 4127 1021 4200 nuptias
1052 4114 1202 4185 Aeschini
1230 4126 1407 4199 imminere,

272 4228 515 4303 ,Ctesiphonem
537 4230 569 4287 in
591 4231 733 4290 Micionis
756 4233 851 4292 domo
873 4247 948 4291 cum
967 4234 1134 4292 meretrice
1148 4233 1276 4306 morari,
1292 4234 1409 4292 cuncta
