3386 5046
804 511 841 568 17

254 698 424 770 rationem,
457 711 557 771 quarn
589 697 843 756 observaverunt
874 696 999 756 comici.
1042 697 1144 770 Igitur
1174 698 1205 758 h.
1237 698 1393 759 trevere

255 805 410 879 temporis
449 805 481 862 et
520 803 728 864 oeconomiae
762 817 902 862 errorem
934 803 1209 880 deprehendimus,
1243 807 1392 868 Terentio

255 910 483 985 imputandum
520 911 552 968 et
584 911 693 969 ortum
725 923 767 968 ex
798 908 1044 982 interpolatione
1075 924 1192 970 scenae
1219 911 1392 985 Diphileaa.

254 1016 424 1078 Affirmare
451 1017 564 1075 tamen
594 1016 700 1074 ausim
724 1017 923 1090 spectatores
945 1031 982 1076 eo
1004 1031 1066 1076 non
1089 1018 1231 1090 graviter
1252 1018 1394 1079 offensos

256 1124 364 1198 fuisse,
389 1137 465 1184 cum
486 1124 582 1198 poeta
604 1123 725 1182 eximia
747 1125 816 1182 arte
836 1125 886 1196 iis,
909 1139 992 1197 quae
1012 1125 1133 1184 Demea
1153 1123 1295 1197 loquitur
1317 1127 1392 1185 actu

255 1231 367 1305 primo,
391 1231 612 1304 spectatorum
624 1231 751 1290 animos
769 1231 1027 1304 prosperavisset
1042 1231 1082 1290 ad
1094 1245 1140 1305 ea,
1156 1246 1239 1304 quae
1253 1234 1395 1305 aguntur

254 1338 287 1398 in
319 1339 350 1398 Ii
383 1339 417 1398 1:
449 1338 581 1411 gratum
611 1337 651 1396 iis
683 1338 752 1396 crat
783 1337 816 1396 in
844 1351 942 1396 scena
973 1339 1216 1411 repraesentata
1236 1340 1393 1413 spectare,

256 1459 393 1517 quorum
414 1457 579 1504 rumorem
601 1443 789 1516 famamque
809 1442 916 1517 paullo
938 1445 1014 1503 ante
1036 1444 1244 1504 audivissent.

297 1551 330 1610 Si
368 1551 428 1610 hoc
466 1565 569 1609 unum
605 1549 906 1625 praetermittimus
939 1565 1043 1625 nemo,
1078 1551 1147 1625 erit,
1180 1551 1282 1625 credo,
1315 1552 1393 1624 quin

256 1658 410 1718 concedat
425 1658 507 1716 satis
518 1657 599 1716 bene
610 1657 748 1715 cessisse
758 1657 873 1730 poetae
885 1658 1196 1718 contaminationem
1209 1657 1392 1717 fabularum

256 1765 393 1824 duarum
424 1765 458 1823 in
490 1764 521 1822 ΙΙ
554 1765 581 1824 1.
622 1765 789 1838 Attamen,
819 1765 856 1822 ut
885 1764 924 1824 da
944 1765 1094 1824 universo
1117 1765 1185 1822 eius
1206 1764 1338 1825 consilio
1359 1765 1394 1822 in

255 1871 461 1931 immutanda
493 1871 602 1930 fabula
632 1871 824 1929 Menandros
854 1871 978 1930 iustam
1010 1872 1206 1930 sententiam
1240 1871 1393 1945 feramus,

256 1992 388 2036 necesse
405 1978 464 2051 est,
484 1978 643 2050 quantum
661 1975 729 2035 fieri
746 1978 863 2051 potest,
877 1977 1052 2052 enucleare,
1066 1978 1141 2050 quid
1151 1978 1323 2037 Menander
1332 1978 1394 2037 hoc

256 2084 325 2144 loco
346 2084 504 2144 habuerit.
527 2085 611 2143 Tum
633 2083 764 2142 demum
787 2085 932 2142 statuere
946 2085 1132 2158 poterimus,
1148 2085 1260 2142 utrum
1275 2084 1394 2157 aliquid
1484 2095 1487 2099 ·

255 2191 381 2250 lucrata
391 2192 434 2249 sit
446 2191 612 2250 comoedia
623 2190 844 2250 additamento
856 2205 973 2251 annon.
990 2192 1087 2265 Spero
1100 2193 1211 2250 autem
1222 2207 1276 2250 me
1287 2190 1395 2264 paullo

258 2299 333 2356 ante
351 2298 593 2356 demonstrasse
610 2298 641 2355 ΙΙ
664 2299 679 2358 1
699 2299 806 2357 totam
821 2313 838 2356 e
853 2298 1145 2358 commorientibus
1160 2299 1297 2372 petitam
1313 2313 1392 2373 esse,

256 2405 303 2463 ita
317 2406 354 2463 ut
364 2405 490 2475 lacuna,
503 2420 586 2477 quae
595 2405 679 2464 inter
689 2420 720 2464 v.
733 2406 791 2464 154
803 2406 834 2463 et
847 2406 905 2464 209
917 2405 1056 2478 exsistit,
1068 2405 1160 2464 nobis
1173 2404 1329 2477 explenda
1340 2406 1392 2465 sit.

296 2513 320 2571 E
344 2527 373 2572 v.
396 2513 455 2570 210
477 2513 609 2585 apparet
630 2511 779 2571 lenonem
799 2512 833 2570 in
848 2527 946 2571 scena
961 2527 1040 2585 esse,
1057 2527 1132 2571 cum
1148 2513 1248 2584 syrus
1261 2511 1395 2571 aedibus

257 2619 334 2692 exit,
367 2619 403 2676 ut
430 2619 514 2676 iram
543 2619 612 2676 eius
641 2619 756 2693 placet.
799 2619 895 2678 Porro
925 2619 1150 2692 cognoscimus
1179 2634 1219 2677 ex
1249 2618 1392 2677 eiusdem

258 2725 330 2798 Syri
350 2725 457 2783 verbis
480 2724 520 2783 ad
541 2726 748 2799 Aeschinum,
772 2725 826 2798 qui
847 2726 936 2783 intus
958 2726 1114 2798 remanet,
1137 2740 1167 2785 v.
1184 2727 1251 2797 209,
1265 2725 1394 2784 collatis

257 2846 332 2890 cum
363 2847 394 2888 v.
426 2833 493 2905 216,
526 2832 714 2904 promisisse
745 2829 895 2890 iuvenem
927 2832 1042 2904 lenoni,
1076 2847 1111 2889 se
1140 2833 1311 2905 pecuniam
1336 2847 1392 2906 pro

257 2937 362 3010 puella
383 2939 478 3010 rapta
499 2937 652 2996 daturum
676 2952 756 2997 esse.
778 2939 849 2996 Iam
872 2939 900 2995 si
922 2953 996 2997 oum
1018 2939 1069 2996 his
1088 2939 1291 3013 conferimus,
1311 2955 1396 3012 quae

257 3045 493 3118 spectatoribus
508 3044 575 3103 iam
590 3045 667 3104 nota
683 3045 774 3104 erant
789 3059 829 3102 ex
844 3045 893 3118 iia,
906 3059 989 3118 quae
1002 3060 1033 3104 v.
1049 3047 1087 3104 88
1103 3046 1142 3105 ad
1154 3047 1193 3104 99
1205 3047 1393 3105 narraverat

256 3152 386 3223 Demea,
412 3152 557 3225 suspicor
582 3151 664 3224 apud
689 3152 899 3209 Menandrum
924 3166 1057 3211 scenam
1085 3153 1224 3225 primam
1247 3154 1340 3212 actus
1362 3154 1393 3211 ΙΙ

257 3258 304 3316 sic
324 3258 513 3316 institutam
535 3257 644 3318 fuisse.

298 3365 443 3423 Primum
474 3365 545 3424 leno
578 3366 776 3438 spectatores
799 3365 961 3439 edocebat,
984 3380 1048 3438 qua
1069 3366 1194 3425 ratione
1214 3367 1395 3424 Aeschinus

258 3485 332 3530 curn
354 3472 457 3530 servis
479 3473 511 3530 et
532 3472 638 3546 puella
658 3472 691 3531 in
713 3472 814 3546 patris
831 3473 1172 3533 domumrevertisset.
1194 3473 1393 3531 Audiverant

258 3578 344 3636 enim
377 3593 396 3636 a
426 3579 560 3637 Micione
590 3594 621 3636 v.
654 3581 693 3637 26
724 3593 799 3637 eum
830 3580 891 3637 hac
920 3581 1015 3638 nocte
1036 3595 1055 3638 a
1077 3594 1157 3638 cena
1177 3594 1242 3640 non
1262 3580 1394 3638 rediisse

257 3700 361 3758 neque
371 3700 567 3758 quemquam
575 3686 791 3744 revertentem
799 3688 1042 3760 conspexerant,
1052 3701 1127 3745 cum
1136 3687 1219 3760 apud
1228 3688 1393 3747 Romanos

259 3792 410 3851 aulaeum
441 3807 507 3851 non
538 3791 761 3850 demitteretur
792 3793 825 3850 in
858 3794 991 3851 actuum
1023 3793 1216 3853 interstitiis.
1266 3794 1394 3852 Festive

258 3899 356 3971 igitur
389 3899 487 3972 atque
517 3898 619 3972 lepide
650 3900 734 3958 hunc
766 3899 905 3957 reditum
927 3902 1096 3958 narratum
1119 3900 1219 3958 fuisse
1239 3901 1393 3974 suspicor.

258 4005 503 4078 Exsequebatur
525 4006 688 4080 nimirum,
712 4006 871 4079 quomodo
895 4006 1080 4065 adolescens
1102 4021 1177 4065 cum
1199 4008 1395 4067 satellitibus·

260 4113 292 4170 et
332 4113 508 4186 Pamphila,
544 4127 599 4186 per
629 4113 791 4187 posticum
823 4113 964 4187 veniens,
997 4113 1152 4172 concubia
1182 4114 1277 4173 nocte
1307 4115 1395 4174 ciam

260 4219 351 4291 patre
383 4220 480 4292 atque
512 4218 634 4278 familia
665 4220 697 4278 in
724 4220 857 4279 domum
884 4220 1074 4294 irrepsisset.
1117 4222 1186 4280 Hoc
1208 4221 1329 4280 conicio
1351 4236 1393 4280 ex
