3386 5046
855 524 893 584 18

306 712 419 772 multis
450 711 538 786 locis,
571 711 626 770 ubi
656 726 711 785 per
742 711 904 784 posticum
936 711 1059 770 intrant
1090 713 1247 785 homines,
1277 713 1331 786 qui
1355 713 1441 772 olam

306 821 439 880 domum
470 819 628 893 repetunt,
659 817 749 876 velut
780 818 814 876 in
846 818 952 876 Plauti
978 819 1087 878 Sticho
1116 833 1147 879 ν.
1176 821 1243 893 437,
1271 821 1331 879 450
1352 835 1368 878 s
1390 836 1440 893 qq.

305 927 393 999 Epid.
414 941 436 983 v
457 927 515 985 668
536 925 629 986 Most.
651 941 671 982 v
693 926 762 984 931.
785 925 898 985 Horat.
920 925 975 997 Ep.
1000 927 1028 985 1.
1049 927 1077 985 5.
1099 926 1336 986 3111111111
1361 929 1390 987 5.
1413 930 1440 986 i.

305 1035 334 1094 3.
356 1034 444 1092 Suet.
466 1031 575 1092 Claud.
596 1045 613 1090 c
636 1033 683 1092 18.
705 1032 775 1090 Η10
793 1033 918 1091 ratione
932 1033 1040 1106 gravis
1056 1032 1111 1091 illa
1126 1032 1296 1092 difficultas
1307 1032 1439 1107 tollitur,

306 1140 346 1199 ad
380 1154 479 1213 quam
509 1139 699 1212 interpretes
731 1154 846 1212 parurn
881 1139 1102 1214 adtenderunt,
1135 1155 1252 1214 nempe
1280 1141 1439 1214 quomodo

304 1246 396 1306 Micio
416 1245 493 1305 illud
516 1244 686 1304 adfirmare
706 1246 855 1320 potuerit,
878 1245 1439 1321 111101111111111.261111101110111

304 1355 416 1412 tamen
448 1353 563 1412 statim
595 1352 669 1426 post
701 1353 881 1424 raptionem
909 1353 930 1412 i.
952 1367 978 1413 e.
1002 1354 1078 1412 ante
1099 1354 1201 1414 solem
1223 1355 1341 1424 ortum,
1364 1370 1438 1414 eum

305 1475 380 1519 cum
401 1459 536 1534 psaltria
557 1459 686 1517 salvum
709 1459 843 1517 domum
864 1459 998 1518 rediisse
1018 1461 1196 1534 percipiunt
1217 1476 1247 1520 v.
1270 1463 1329 1520 209
1349 1476 1365 1519 s
1387 1478 1437 1535 qq.

304 1568 419 1641 Itaque
446 1569 537 1640 pater
563 1566 688 1640 anxius,
718 1581 816 1624 mane
837 1568 1051 1640 experrectus,
1074 1567 1205 1626 ridicule
1225 1566 1289 1627 lilio
1311 1568 1437 1641 metuit,

305 1689 381 1734 curn
402 1674 455 1731 ille
476 1673 622 1746 proxime
642 1673 676 1730 in
690 1672 807 1732 lectulo
823 1673 988 1745 crapulam
1001 1673 1237 1734 edormisceret.
1260 1676 1355 1734 Porro
1366 1674 1438 1734 leno

305 1781 541 1854 spectatoribus
566 1793 717 1838 narrasse
737 1779 872 1853 videtur,
895 1795 931 1838 se
951 1780 1173 1854 indignissime
1193 1781 1342 1840 habiturn
1368 1796 1439 1840 esse

305 1888 344 1946 ab
380 1887 539 1946 Aeschino
576 1887 707 1959 eiusque
738 1887 920 1961 comitibus
954 1888 1008 1959 qui
1040 1901 1115 1946 cum
1148 1887 1266 1946 scirent
1299 1903 1374 1947 eum
1405 1889 1437 1946 in

305 1995 446 2067 Cyprum
467 2009 546 2053 mox
570 1993 733 2052 abiturum
756 2007 836 2066 esse,
859 1992 1009 2066 puellam,
1032 2010 1131 2067 quarn
1152 1995 1227 2053 illuc
1242 1995 1438 2054 abducturus

304 2102 401 2174 esset,
432 2101 493 2159 sibi
522 2101 702 2173 eripuerint.
744 2101 798 2175 ,ln
826 2101 895 2174 ipso
925 2101 1059 2160 articulo
1081 2103 1289 2174 oppressum”
1311 2117 1347 2160 se
1367 2117 1439 2160 esse

306 2209 426 2268 fatetur
458 2207 497 2267 cl.
530 2223 560 2266 V.
594 2209 668 2267 229:
700 2222 778 2265 nam
811 2208 867 2265 aut
899 2209 1063 2266 mercatus
1097 2209 1125 2266 ei
1157 2208 1356 2267 omittendus
1388 2209 1437 2266 est

304 2318 361 2374 aut
392 2315 440 2389 lis,
474 2330 572 2387 quarn
603 2314 769 2372 intendere
799 2315 906 2386 potest
930 2315 1121 2387 raptoribus
1149 2314 1329 2389 differenda,
1354 2314 1438 2388 quod

303 2426 477 2495 utrumque
508 2436 608 2494 aeque
639 2420 816 2479 molestum
853 2435 889 2479 ac
922 2421 1116 2480 damnosum
1149 2423 1244 2481 esset.
1280 2422 1436 2482 Omnibus

301 2529 399 2602 igitur
438 2530 587 2586 accurate
624 2527 804 2600 pensitatis,
842 2527 1051 2586 constituisse
1087 2542 1124 2586 se
1163 2527 1247 2601 dicit,
1280 2529 1437 2601 quantam

303 2636 448 2694 maxime
468 2635 576 2707 potest
597 2635 767 2708 pecuniam
789 2635 828 2693 ab
848 2635 1008 2694 Aeschino
1023 2636 1222 2708 extorquere,
1238 2650 1436 2708 quamquam

302 2741 512 2802 metuendum
535 2742 586 2816 sit,
609 2756 649 2800 ne
669 2741 747 2799 nihil
770 2741 905 2815 accipiat
928 2742 1025 2814 atque
1039 2742 1157 2800 iterum
1172 2741 1258 2800 male
1273 2741 1436 2800 mulcatus

302 2850 458 2922 abigatur.

344 2955 512 3015 Terentius
533 2955 632 3028 igitur
652 2969 708 3027 pro
727 2954 894 3027 soliloquio
915 2955 1104 3015 Menandreo
1119 2956 1289 3015 substituit
1304 2970 1436 3015 scenam

302 3062 477 3121 rnotoriam
506 3061 632 3120 actione
659 3061 770 3134 rapida
799 3062 896 3134 atque
924 3062 1116 3135 vehementi,
1146 3078 1211 3136 qua
1235 3062 1435 3136 popularium

303 3169 448 3228 favorem
473 3168 533 3226 sibi
562 3167 769 3227 conciliatum
800 3168 838 3226 iri
868 3170 994 3227 certum
1015 3169 1165 3228 habebat.
1186 3170 1256 3229 Non
1280 3170 1437 3227 miramur

303 3291 344 3335 ex
366 3276 434 3334 eius
447 3274 603 3348 'opinione
624 3274 780 3334 Romanis
802 3274 917 3334 melius
939 3275 1133 3348 placiturum
1155 3276 1255 3334 fuisse
1269 3276 1436 3335 exordium

303 3385 396 3442 actus
418 3381 557 3456 secundi,
581 3381 664 3456 quod
685 3396 769 3440 nunc
791 3382 923 3455 obtinet,
946 3396 1044 3454 quam
1056 3396 1189 3440 scenam
1199 3381 1434 3455 Menandream,

301 3491 437 3548 tametsi
469 3488 562 3548 facile
592 3489 761 3561 credimus,
794 3488 999 3561 soliloquium
1030 3487 1107 3546 illud
1139 3487 1307 3561 pulchrum
1337 3488 1436 3547 fuisse

303 3599 401 3670 atque
421 3597 591 3655 sententiis
611 3596 734 3670 argutis
757 3595 956 3669 distinctum,
978 3595 1101 3654 lenonis
1124 3595 1258 3669 denique
1271 3610 1434 3669 personae,

301 3703 452 3762 iniuriam
488 3703 549 3762 sibi
579 3703 707 3762 illatam
739 3703 893 3776 querenti,
926 3716 1082 3775 perquam
1108 3705 1220 3775 aptum
1242 3702 1370 3776 propter
1387 3715 1434 3776 ea,

301 3825 385 3883 quae
406 3809 620 3886 Quintilianus
643 3808 797 3868 affiirmat
821 3810 859 3867 de
881 3809 951 3867 arte
971 3809 1135 3869 Menandri
1157 3811 1188 3868 X
1211 3811 1226 3870 1
1249 3810 1297 3868 99.
