3368 5046
820 535 878 596 112

281 739 354 786 esse
384 727 417 784 et
445 724 633 784 furibundus
654 723 807 797 postridie
828 723 993 784 Simonem
1017 722 1147 797 adierat,
1170 724 1207 782 ut
1228 725 1360 798 negaret
1381 739 1417 784 se

280 830 383 892 filiam
419 847 554 892 uxorem
592 831 745 890 daturum
785 845 865 890 esse.
905 829 943 890 V.
984 831 1040 890 177
1079 829 1177 904 igitur
1208 828 1415 905 significatur,

282 939 446 999 Simonem
479 938 641 998 audivisse
668 953 688 996 a
714 937 892 1009 Chremeta,
921 937 1051 1010 nuptias
1073 936 1177 996 nullas
1198 935 1265 995 iarn
1291 935 1417 996 futuras

279 1060 352 1106 esse
371 1045 499 1120 propter
521 1045 680 1119 Pamphili
712 1044 829 1105 scelus
851 1043 1060 1103 Manifestum
1086 1044 1145 1116 est,
1165 1057 1221 1101 vsa
1238 1044 1296 1104 180
1311 1044 1342 1101 et
1359 1043 1415 1103 181

279 1152 369 1212 hisce
389 1167 574 1226 repugnare.
598 1152 762 1227 Quomodo
784 1151 871 1224 loqui
891 1151 999 1224 potest
1019 1151 1129 1209 Davus
1151 1147 1191 1208 de
1203 1150 1285 1225 falso
1298 1150 1417 1224 qoudc'o

282 1261 313 1318 et
342 1258 381 1318 de
412 1259 552 1318 Simonis
585 1258 716 1318 consilio
739 1257 936 1331 opprimendi
958 1255 1060 1316 filium
1085 1270 1161 1315 cum
1182 1259 1299 1316 servo?
1330 1258 1418 1332 Quae

280 1366 411 1440 nuptiae
439 1364 611 1424 disturbari
638 1365 809 1438 poterant?
835 1363 919 1423 Nam
948 1377 1060 1422 revera
1085 1363 1218 1436 nuptiae
1242 1361 1417 1436 dissipatae

280 1473 381 1547 erant,
410 1474 584 1546 postquam
612 1471 763 1532 Chremes
791 1469 952 1544 promissa
980 1470 1213 1529 retractaverat
1237 1469 1332 1542 idque
1352 1484 1416 1529 non

279 1579 342 1638 levi
380 1579 554 1639 offensione
590 1579 765 1652 permotus
801 1577 857 1636 sed
889 1593 988 1651 quarn
1020 1575 1223 1650 gravissima.
1255 1575 1416 1636 Gaudium

281 1686 439 1760 Pamphili
459 1686 603 1758 Davique
627 1699 740 1744 verum
763 1685 832 1742 erat
853 1698 956 1756 neque
977 1683 1100 1743 Simoni
1122 1683 1260 1742 facultas
1275 1683 1417 1756 suppedi-

278 1794 371 1852 tabat
395 1792 609 1868 „opprimendi
631 1792 871 1851 adolescentem
892 1805 967 1849 cum
989 1790 1178 1851 ministris”.

321 1900 545 1973 Repugnantia
577 1899 660 1958 inter
690 1913 747 1956 vss
781 1896 898 1956 180-2
928 1898 960 1955 et
983 1898 1039 1956 177
1060 1897 1134 1956 inde
1153 1897 1224 1956 orta
1245 1896 1324 1955 mihi
1345 1909 1417 1954 esse

280 2006 416 2079 videtur,
454 2005 538 2079 quod
570 2007 665 2078 poeta
697 2005 758 2063 sibi
789 2003 883 2063 finxit
918 2005 1008 2063 Davo
1040 2018 1152 2061 veram
1184 2017 1327 2076 causam,
1361 2016 1416 2060 cur

282 2113 433 2173 Chremes
458 2112 621 2185 sponsalia
643 2111 803 2186 solvisset,
822 2111 969 2185 ignotam
987 2110 1096 2170 fuisse
1112 2109 1200 2185 Quod
1214 2109 1414 2182 sisonchus,

281 2235 345 2280 non
366 2220 524 2278 miramur
544 2220 672 2278 Davum
694 2217 789 2277 iidem
810 2218 963 2277 habuisse
980 2203 1050 2276 sive
1064 2217 1192 2276 domino
1211 2217 1280 2274 sive
1295 2215 1414 2290 Sosiae,

282 2341 357 2385 cum
384 2327 412 2385 ei
440 2326 579 2385 dicerent
600 2324 694 2385 hodie
714 2325 843 2397 nuptias
866 2324 991 2383 futuras
1014 2338 1086 2382 esse
1107 2324 1139 2382 et
1162 2322 1281 2381 auditio
1302 2322 1415 2382 nuntio

283 2448 357 2492 eum
384 2433 417 2493 in
438 2432 653 2506 suspicionem
674 2427 832 2506 incidisse,
854 2432 922 2490 iarn
944 2431 983 2489 ab
1005 2430 1095 2490 initio
1119 2430 1284 2488 Simonem
1306 2428 1415 2489 dolum

283 2541 391 2600 animo
427 2540 577 2600 voluisse.
614 2539 733 2599 Contra
770 2539 798 2596 si
835 2538 1013 2596 statuimus
1049 2538 1177 2595 Davum
1215 2550 1320 2610 nosse,
1359 2548 1415 2593 cur

283 2647 528 2706 matrimonium
559 2661 670 2705 revera
700 2645 827 2727 irritum
859 2644 983 2703 factum
1015 2644 1111 2717 esset,
1143 2642 1278 2700 minime
1304 2641 1415 2714 liquet,

283 2754 442 2828 quomodo
463 2768 577 2812 servus
595 2752 728 2812 callidus
750 2767 866 2826 passus
888 2752 931 2809 sit
954 2751 1119 2810 Simonem
1140 2750 1196 2808 aut
1213 2749 1341 2807 Sosiam
1354 2747 1415 2806 sibi

281 2861 468 2935 nuptiarum
490 2861 718 2919 simulatarum
739 2859 852 2918 nuntio
873 2858 1045 2932 imponere.

322 2967 433 3026 Altera
463 2966 614 3026 molestia
644 2965 729 3024 inest
760 2965 794 3023 111
826 2964 962 3037 Glycerii
993 2978 1138 3037 persona,
1172 2963 1211 3022 de
1230 2978 1295 3035 qua
1315 2961 1415 3034 Mysis

284 3072 360 3132 dicit
380 3088 410 3133 v.
433 3075 509 3134 269:
865 3149 868 3154 Δ

565 3193 606 3236 ex
626 3179 686 3238 hoc
707 3179 826 3237 misera
842 3178 1028 3251 sollicitam,
1052 3177 1136 3235 diem

324 3275 403 3361 Quia
424 3284 500 3345 olim
521 3285 554 3343 111
575 3285 660 3343 huno
682 3286 758 3342 sunt
780 3285 977 3344 constitutae
996 3283 1153 3356 nuptitae.

282 3393 405 3467 Nempe
426 3407 501 3450 cum
513 3392 678 3465 Pamphilo
689 3392 804 3451 notum
816 3391 901 3449 esset
912 3391 1042 3463 nuptias
1054 3389 1159 3448 nullas
1169 3389 1237 3448 iarn
1252 3403 1323 3446 esse
1334 3387 1416 3452 (vide

283 3516 314 3561 v.
337 3501 392 3560 241
416 3506 494 3574 sqq),
516 3514 621 3558 nonne
641 3513 742 3572 paene
762 3498 896 3572 certum,
915 3512 988 3556 eum
1003 3497 1127 3555 laetum
1138 3495 1288 3554 nuntium
1299 3494 1415 3553 statim

285 3605 440 3666 adtulisse
462 3607 609 3666 amicae?

325 3712 580 3772 Admirationem
612 3727 739 3785 quoque
769 3712 890 3785 movet,
921 3710 1005 3784 quod
1025 3711 1144 3784 Davus,
1168 3708 1222 3782 qui
1242 3724 1273 3768 v.
1295 3709 1352 3766 227
1375 3706 1414 3765 ad
1477 3741 1480 3744 -

285 3821 391 3881 forum
431 3817 649 3894 proficiscitur,
697 3820 735 3876 ut
776 3817 945 3877 conveniat
987 3816 1202 3890 Pamphilum,
1244 3829 1285 3874 ne
1324 3813 1415 3886 pater

284 3927 522 4002 imprudentem
537 3926 705 3999 opprimat,
728 3923 829 3984 filium
845 3925 955 3983 erilem
969 3938 1131 3997 nusquam
1144 3921 1287 3981 invenire
1300 3919 1423 3994 potuit.⁴

284 4036 329 4095 At
343 4035 434 4108 pater
448 4049 479 4092 u.
494 4035 553 4093 205
565 4032 677 4093 eodem
688 4031 880 4092 discesserat
892 4031 1071 4104 statimque
1081 4028 1184 4088 filium
1195 4026 1416 4101 conspexerat.

286 4143 392 4203 Primo
415 4141 530 4201 obtutu
552 4139 770 4199 necessarium
792 4139 852 4198 tibi
872 4153 974 4212 paene
993 4137 1120 4196 videtur
1140 4137 1277 4210 Davum,
1300 4149 1330 4193 v.
1356 4133 1414 4191 227

287 4248 460 4308 abeuntem
482 4247 521 4304 ad
543 4246 657 4320 sorum,
674 4245 851 4307 occurrisse
865 4243 1040 4320 Pamphilo,
1056 4258 1087 4304 u.
1104 4244 1162 4302 234
1175 4242 1248 4301 inde
1261 4239 1417 4298 redeunti.
