3368 5046
651 803 1035 979 aeeeuolx.

487 1261 709 1322 TERTIUS
740 1262 967 1323 ANDRIAE
998 1263 1200 1323 EXITUS.

568 1447 748 1523 Calamus
771 1449 973 1524 Panaenus
995 1450 1118 1511 Davus

297 1865 324 1926 1.
358 1863 409 1928 dl.
432 1866 478 1925 Te
498 1866 722 1939 expectabam.
742 1865 800 1926 Po.
816 1868 913 1943 Quasi
928 1867 1060 1927 deorum
1074 1867 1181 1927 inveni
1195 1867 1407 1942 voluptatem.

357 1971 407 2033 do.
429 1973 469 2032 Et
492 1988 546 2032 me
562 1973 596 2031 in
616 1975 746 2047 portum
769 2020 775 2034 .
799 2020 806 2034 .
830 2019 866 2034 ..

354 2078 412 2140 Po.
441 2082 466 2140 Ο
488 2079 624 2154 fortuna,
647 2095 730 2153 quae
750 2081 830 2140 mihi
850 2095 1001 2155 prospera
1022 2081 1142 2142 evenit!
1166 2079 1225 2141 Oh:
1247 2081 1409 2141 Deducere

355 2187 525 2247 Memento.
536 2185 594 2247 Po.
608 2188 666 2260 Tu,
678 2187 774 2262 Dave,
787 2187 942 2247 idomum
949 2203 1104 2262 panaque:
1116 2189 1252 2262 nuptam
1258 2188 1407 2248 convenit

296 2294 324 2355 5.
355 2294 427 2352 Iam
449 2292 589 2353 educere.
613 2291 663 2354 Oh.
684 2294 724 2353 Et
746 2294 784 2353 de
806 2309 877 2353 me.
891 2338 918 2354 ..
941 2295 1020 2355 Doo.
1043 2294 1122 2371 Quid
1143 2295 1279 2382 moraris
1300 2296 1361 2354 tu?

357 2397 407 2460 Ol.
429 2399 547 2460 Curare
566 2401 701 2474 oportet.

356 2507 508 2566 Socerum
530 2508 682 2580 expecto.
697 2553 744 2568 ...
766 2508 845 2567 Dav.
867 2509 1025 2567 Faucibus
1046 2524 1100 2567 me
1121 2509 1228 2582 urget!
1246 2539 1275 2547 -
1290 2508 1405 2570 Adest!

356 2610 406 2674 do.
428 2613 625 2673 Adiunctum
647 2612 813 2676 affinitate.

475 2853 654 2928 Calamus
678 2854 878 2928 Palaemona,
901 2855 1023 2927 Davus,
1046 2855 1212 2915 Canauna.

353 3037 410 3099 Po.
443 3039 467 3100 O
499 3039 545 3098 mi
573 3039 732 3114 Chremes,
755 3040 871 3099 vellem
891 3087 897 3100 .
918 3085 952 3102 ..
979 3038 1047 3100 Chr.
1071 3041 1150 3116 Quid
1171 3041 1245 3101 vis?
1264 3039 1314 3102 Po
1334 3041 1405 3101 'libi

1282 3147 1403 3221 [dicere

275 3251 322 3311 10.
355 3252 443 3327 Quod
463 3266 532 3310 rem
553 3252 586 3310 in
600 3253 693 3311 tuam
709 3253 768 3313 est.
785 3251 854 3313 Otr.
869 3253 950 3329 Quid
964 3254 1071 3314 istuc?
1083 3254 1197 3314 Audio.
1207 3252 1264 3315 Po.
1276 3253 1406 3312 Alterae

354 3355 440 3417 Tuae
470 3359 589 3432 gnatae
609 3359 775 3420 inveni...
799 3359 869 3420 Ghr.
891 3359 1046 3436 Quidquid
1068 3362 1126 3435 est,
1149 3360 1242 3433 quasi
1262 3355 1403 3435 necligiS,

354 3465 442 3540 Quod
462 3465 588 3524 instat?
602 3465 660 3526 Po.
674 3466 815 3540 Dignum
828 3468 862 3526 te
877 3467 974 3540 atque
987 3467 1042 3526 illa
1056 3467 1172 3527 virum.
1187 3466 1266 3526 Dao.
1282 3466 1404 3526 Probus

353 3571 393 3630 Et
415 3572 578 3645 quantivis
599 3573 650 3631 hic
672 3573 722 3631 est
743 3574 833 3646 preti.
857 3572 926 3634 Otr.
949 3575 1025 3650 Quis
1045 3573 1121 3633 ille?
1141 3573 1221 3634 Dav.
1242 3572 1351 3646 Adest,

354 3676 525 3739 Charinus!
547 3678 633 3738 Nulli
653 3680 784 3738 nostrae
805 3681 858 3753 qui
879 3681 1015 3739 viciniae

185 3865 189 3873 ἱ
274 3784 321 3843 15.
354 3783 512 3843 Iuvenum
533 3786 702 3846 secundus
725 3784 795 3846 Otr.
816 3787 881 3845 Nec
902 3788 1014 3847 nostra
1036 3802 1055 3845 a
1074 3787 1191 3846 notitia
1212 3789 1242 3846 is
1264 3787 1312 3845 est

352 3889 493 3951 Alienus.
524 3891 582 3952 Pa.
604 3893 644 3952 Et
665 3907 795 3952 mecum
817 3908 836 3952 a
856 3909 953 3966 puero
975 3893 1167 3967 complicuit,
1191 3894 1351 3968 Chremes⁷

352 3996 550 4058 Amicitiam.
577 3997 646 4059 Otr.
668 3999 716 4058 Ne
736 4014 898 4059 remoram
920 4000 1020 4059 facias
1042 4000 1181 4060 adalia!

351 4103 408 4164 Po.
431 4105 501 4164 Tua
519 4103 677 4165 affinitate
697 4121 757 4165 sua
777 4107 881 4165 virtus
906 4108 956 4167 est
977 4107 1176 4180 dignissima.

354 4209 423 4272 Otr.
445 4212 621 4273 Assentior.
642 4213 722 4274 Doo.
745 4214 793 4273 Tu
814 4213 942 4288 sapiens
963 4214 1012 4272 uti
1032 4229 1096 4274 non
1117 4228 1212 4288 paras
