3368 5046
787 557 826 616 99

239 743 315 805 here
340 745 398 804 the
424 743 608 804 conclusion
637 742 673 803 of
690 743 746 801 the
766 742 842 816 play
863 758 900 802 as
921 743 947 802 it
970 743 1069 803 ended
1091 759 1132 804 on
1153 745 1196 803 its
1218 743 1288 804 first
1310 761 1375 820 per·

240 852 412 925 formance,
455 851 551 910 while
582 851 723 909 Terence
753 849 938 909 conformed
970 851 1006 910 to
1037 851 1094 909 the
1124 851 1256 925 popular
1286 853 1375 911 taste

239 958 322 1018 later
342 973 383 1018 on
404 958 449 1031 by
469 957 657 1030 shortening
676 956 733 1015 the
754 956 823 1030 end,
846 957 953 1014 where
973 957 1029 1016 the
1051 957 1204 1017 audience
1218 960 1374 1032 appeared

239 1066 374 1139 perhaps
396 1065 453 1124 not
475 1065 573 1123 much
594 1063 770 1122 interested
790 1063 822 1122 in
844 1064 901 1122 the
915 1061 991 1122 final
1005 1064 1146 1137 disposal
1160 1065 1196 1124 oi
1207 1065 1372 1126 Charinus.

240 1172 317 1232 This
340 1185 473 1246 appears
495 1172 552 1231 not
573 1169 780 1244 improbable,
796 1170 889 1229 when
904 1185 955 1228 we
965 1170 1110 1230 consider
1120 1171 1177 1230 the
1187 1172 1373 1246 expression

240 1278 443 1353 „iungamur”
463 1293 495 1338 v.
517 1279 585 1337 977.
606 1277 670 1335 But
692 1277 816 1350 subiect
837 1277 871 1337 to
893 1277 949 1335 the
969 1276 1078 1336 blame
1098 1277 1135 1338 oi
1151 1278 1320 1338 hariolatio
1336 1293 1372 1336 as

238 1385 330 1444 these
357 1385 556 1458 conjectures
585 1398 648 1458 are,
676 1383 703 1441 it
730 1383 759 1440 is
788 1382 822 1442 at
851 1382 892 1441 all
922 1384 1034 1442 events
1060 1385 1189 1458 certain,
1212 1384 1285 1443 that
1306 1385 1372 1444 this

238 1492 355 1552 second
375 1491 584 1551 termination
606 1489 642 1550 oi
656 1487 713 1548 the
732 1489 808 1563 play
828 1490 858 1547 is
880 1490 916 1549 of
933 1491 1024 1564 great
1047 1491 1238 1564 antiquity”.

278 1598 347 1658 Non
384 1598 500 1657 desunt
533 1599 646 1656 tamen
682 1611 765 1670 quae
789 1597 949 1670 Wagnero
979 1596 1166 1670 adstipulari
1192 1598 1253 1656 hac
1280 1598 1313 1657 in
1338 1613 1373 1656 re

238 1705 358 1765 vetent.
400 1705 638 1764 Gravissimum
671 1704 730 1778 est,
763 1703 846 1776 quod
867 1703 995 1763 nonnisi
1018 1703 1051 1762 in
1077 1704 1237 1764 codicibus
1263 1704 1373 1762 deteri·

238 1812 301 1871 oris
332 1808 469 1882 notae1)
501 1809 725 1870 circumfertur
756 1810 807 1868 hio
838 1809 939 1870 locus.
972 1810 1029 1870 Oui
1061 1812 1172 1869 autern
1200 1811 1369 1884 probabile,

236 1918 339 1978 immo
350 1918 497 1977 credibile
507 1917 666 1976 videbitur
677 1917 1173 1990 scenamapoetaeipsiusmanu
1182 1917 1369 1992 profectam,

236 2025 284 2083 ita
320 2024 492 2100 delituisse,
528 2039 631 2098 neque
665 2024 733 2082 eius
765 2024 925 2083 rationem
955 2023 1107 2083 habuisse
1127 2025 1370 2099 grammaticos,

185 2127 187 2130 ’
237 2131 292 2204 qui
320 2133 416 2191 tanta
446 2147 524 2190 cura
555 2130 752 2204 exemplaria
785 2131 918 2203 antiqua
945 2131 1085 2204 undique
1112 2130 1304 2206 colligerent,
1333 2133 1370 2190 ut

236 2253 313 2297 vera
334 2239 448 2311 poetae
467 2238 566 2296 verba
588 2237 815 2296 enuclearent?
837 2238 905 2312 Qua
925 2237 1060 2296 audacia
1078 2237 1213 2310 denique
1226 2239 1370 2312 repudiat

236 2344 353 2404 Donati
372 2345 599 2404 testimouium
622 2344 661 2402 ad
682 2344 710 2400 V
732 2345 760 2404 6.
784 2345 845 2403 14?
868 2344 928 2418 ,Hi
951 2359 1065 2402 versus
1086 2359 1189 2417 usque
1211 2345 1251 2403 ad
1277 2345 1369 2403 illum

239 2450 379 2510 Gauium
412 2451 468 2510 titt
495 2466 600 2510 mcum
627 2450 850 2510 Philumenam
877 2465 1009 2510 uxorem
1039 2451 1197 2524 negantur
1230 2451 1370 2510 Terentii

237 2571 317 2631 esse,
347 2557 425 2617 adeo
453 2559 490 2616 ut
511 2557 544 2616 in
565 2557 710 2630 pluribus
732 2556 969 2630 exemplaribus
990 2557 1082 2616 bonis
1106 2572 1171 2616 non
1192 2556 1370 2616 inferantur

237 2663 307 2737 (leg.
340 2663 565 2734 inserantur)’'.
596 2665 706 2736 Neque
736 2663 882 2723 Donatus
913 2663 982 2736 ipse
1012 2663 1168 2736 genuinos
1190 2678 1244 2723 eos
1266 2664 1368 2738 duxit,

237 2784 312 2829 curn
333 2769 455 2843 reliqua
474 2771 627 2844 perpetuo
649 2784 750 2843 paene
770 2770 1005 2829 commentario
1020 2768 1165 2843 explicet,
1181 2771 1240 2830 hos
1255 2785 1368 2829 versus

236 2877 306 2936 sine
327 2877 534 2936 adnotatione
554 2876 804 2949 praetermittat.

276 2981 315 3043 A.
354 2983 545 3057 Speapeitca
585 2983 640 3058 qui
681 2983 759 3042 olim
797 2983 958 3055 Wagnero
990 2983 1236 3057 assentiebatur,
1270 2984 1368 3044 Acad.

235 3089 357 3151 Monac.
383 3105 411 3149 a.
438 3090 515 3149 1873
539 3105 569 3162 p.
597 3090 725 3164 620-1,
752 3104 836 3148 nunc
857 3089 965 3163 partes
987 3089 1055 3146 eius
1077 3089 1225 3164 deseruit,
1248 3090 1285 3148 ut
1307 3089 1369 3148 effi·

236 3196 318 3254 citur
339 3211 379 3255 ex
401 3197 540 3256 Andriae
560 3197 608 3256 ed.
629 3211 692 3257 sec.
713 3211 742 3269 p.
763 3198 830 3270 160,
845 3196 972 3268 putavit
987 3197 1168 3269 opinionem
1183 3197 1222 3255 de
1236 3196 1368 3256 alterius

236 3303 343 3363 exitus
371 3303 537 3377 genuitate
563 3301 684 3362 firmari
713 3317 758 3376 eo,
789 3302 872 3376 quod
898 3317 996 3361 scena
1015 3302 1071 3362 illa
1092 3304 1223 3362 omnino
1244 3319 1308 3362 non
1331 3319 1367 3363 eo

235 3410 331 3470 modo
357 3409 478 3468 tradita
506 3410 558 3483 sit,
587 3410 624 3467 ut
652 3409 915 3468 antecedentibus
947 3409 1127 3468 continuari
1151 3409 1267 3483 possii;
1289 3425 1366 3468 nam

235 3531 299 3576 uon
319 3516 454 3590 intelligi
473 3531 568 3589 posse
589 3516 644 3589 qui
665 3515 789 3575 factum
811 3516 863 3589 sit,
886 3517 932 3590 ut,
954 3515 983 3573 si
1007 3515 1079 3589 quis
1101 3516 1227 3574 exitum
1238 3516 1367 3574 mutare
1429 3575 1430 3580 ,

236 3622 269 3680 et
297 3637 473 3696 propagare
503 3622 608 3697 vellet,
640 3637 705 3682 non
736 3623 784 3681 ita
814 3623 957 3681 mutaret
985 3622 1022 3679 ut
1049 3622 1148 3680 verba
1172 3637 1235 3681 uno
1256 3622 1368 3682 tenore

235 3729 508 3789 continuarentur.

274 3835 344 3895 Hoc
385 3837 613 3909 argumentum
653 3835 773 3895 tantilli
808 3836 900 3909 pretii
933 3836 1013 3894 mihi
1047 3835 1181 3909 videtur,
1224 3849 1299 3894 oum
1332 3836 1366 3894 in

235 3943 404 4017 codicibus
423 3942 478 4000 ubi
493 3943 573 4002 alter
588 3943 696 4001 exitus
709 3943 880 4016 invenitur,
896 3943 969 4015 post
985 3941 1112 4000 fabulae
1125 3939 1223 4000 finem
1238 3943 1365 4001 additus

268 4177 288 4244 1)
326 4180 496 4242 Altorfinus,
513 4194 591 4236 nune
608 4181 795 4250 Erlangensis
813 4195 836 4235 s.
855 4180 907 4242 XI,
927 4180 1108 4236 Ebneriauus
1124 4194 1148 4234 s.
1158 4179 1196 4248 X,
1206 4178 1368 4234 Marcianus

233 4283 256 4326 s.
274 4268 341 4338 XII,
360 4270 571 4325 Ambrosianus
589 4285 613 4326 s.
631 4269 699 4340 ΧΠ,
719 4270 929 4325 Ambrosianus
947 4270 974 4323 A
993 4283 1069 4324 anno
1090 4269 1159 4323 1408
1176 4267 1309 4336 scriptus.
