3368 5046
824 521 863 580 74

275 707 419 765 eiusdem
450 720 526 765 cum
555 720 665 779 uxore,
699 705 856 765 eiusmodi
890 706 949 780 est,
982 706 1019 764 ut
1049 721 1067 765 a
1099 707 1282 780 magistello
1304 708 1410 781 aliquo

274 811 427 886 finginon
443 812 592 886 potuerit.
614 813 657 871 At
672 827 736 871 non
751 812 874 871 minore
887 810 949 870 lide
965 812 1098 886 dignum
1112 813 1237 872 videtur
1252 815 1410 874 scholium

275 918 315 978 ad
348 934 380 976 v.
412 919 458 993 10,
492 933 554 991 quo
588 918 739 979 narratur
772 918 977 991 soliloquium
1013 919 1045 977 et
1080 918 1275 992 colloquium
1310 936 1411 995 paene

273 1025 359 1084 idem
381 1025 490 1084 fuisse.

313 1132 405 1191 Unde
437 1132 536 1205 igitur
570 1130 703 1204 factum,
735 1132 772 1189 ut
803 1131 836 1189 in
868 1132 980 1190 eodem
1011 1132 1243 1192 commentario
1276 1133 1411 1192 notitiae

273 1239 423 1297 servatae
443 1239 517 1313 sint,
540 1253 623 1311 quae
643 1239 746 1313 primo
771 1239 887 1298 obtutu
907 1238 991 1296 inter
1012 1253 1048 1296 se
1068 1253 1210 1312 pugnare
1230 1239 1408 1314 videantur,

273 1361 356 1418 quae
383 1347 494 1419 utique
514 1360 579 1405 non
600 1346 639 1404 ab
662 1345 774 1404 eodem
797 1346 927 1404 auctore
947 1345 1110 1418 profectae
1131 1346 1224 1406 sint?
1271 1347 1341 1406 Hoc
1361 1347 1409 1406 ita

274 1452 513 1527 explicaverunt
539 1452 752 1512 Sabbadinius
773 1468 803 1525 p.
825 1453 883 1512 337
906 1467 966 1525 sqq
988 1453 1020 1510 et
1042 1452 1267 1512 Hartmannus
1288 1470 1317 1527 p.
1341 1452 1408 1528 113,

273 1559 309 1617 ut
340 1559 521 1618 statuerent
553 1559 717 1618 Donatum
748 1559 923 1632 genuinum
953 1558 1086 1617 auctum
1115 1560 1147 1617 et
1176 1557 1409 1633 amplificatum

273 1681 345 1724 esse
383 1667 422 1725 ab
461 1666 684 1739 grammaticis
724 1665 803 1738 aliis,
846 1666 900 1738 qui
935 1666 985 1723 usi
1016 1667 1124 1724 essent
1156 1667 1407 1741 commentariis

272 1787 353 1845 quos
374 1773 519 1832 Donatus
540 1773 735 1846 neglexisset
758 1772 856 1845 atque
873 1772 946 1830 inde
963 1772 1197 1847 repetivissent,
1219 1788 1370 1846 quaeres
1390 1789 1411 1832 a

272 1880 397 1939 Donato
422 1881 571 1938 narratas
594 1879 755 1938 interdum
781 1880 833 1938 sat
859 1879 991 1937 feliciter
1016 1878 1164 1952 supplent
1186 1881 1218 1938 et
1235 1879 1409 1942 illustrant.

273 1985 464 2058 Plerumque
510 1986 622 2044 tamen
671 1985 900 2044 additamentis
945 1985 1008 2044 illis
1029 1985 1175 2044 lubenter
1215 2000 1408 2047 careremus,

272 2091 480 2151 Manifestum
509 2094 558 2151 est
586 2094 647 2152 hoc
674 2093 743 2152 loco
771 2093 857 2151 idem
888 2092 1050 2152 accidisse.
1092 2093 1213 2151 Auctor
1235 2093 1347 2152 scholii
1369 2094 1408 2152 ad

272 2213 303 2258 r.
330 2199 376 2273 10,
399 2214 495 2272 quern
516 2200 679 2259 Donatum
702 2198 802 2257 fuisse
823 2199 975 2272 suspicor,
997 2199 1069 2257 tam
1091 2199 1130 2258 ob
1153 2215 1270 2272 purum
1291 2200 1409 2273 simpli·

273 2320 408 2378 cemque
417 2320 609 2380 sermonem,
619 2321 718 2379 quam
726 2306 809 2379 quod
817 2305 1061 2365 scholiumillud
1069 2307 1184 2364 ceteris
1192 2307 1407 2380 praemissum

274 2413 332 2487 est,
365 2413 446 2472 satis
477 2413 590 2472 habuit
622 2414 735 2473 notare
762 2413 1006 2472 similitudinem
1029 2413 1063 2471 in
1084 2413 1199 2487 verbis,
1223 2428 1305 2486 quae
1325 2414 1408 2472 inter

272 2534 404 2579 scenam
451 2520 590 2594 primam
639 2520 820 2578 Perinthiae
857 2521 889 2578 et
928 2519 1067 2579 Andriae
1098 2536 1143 2594 gr.
1179 2521 1406 2580 intercedebat.

272 2626 512 2685 Grammaticus
525 2627 635 2685 autem
651 2627 742 2701 aliae,
758 2627 812 2699 qui
826 2627 899 2700 post
912 2641 986 2684 eum
1002 2626 1141 2686 Terentii
1157 2627 1407 2686 commentarios

272 2733 465 2808 excutiebat,
488 2735 653 2806 praeterea
673 2733 804 2806 invenit,
826 2734 860 2791 in
880 2733 1001 2792 Andria
1023 2749 1068 2806 gr.
1091 2733 1295 2806 soliloquium
1307 2733 1407 2791 fuisse

271 2839 366 2912 senis,
394 2840 428 2897 in
457 2840 618 2899 Perinthia
643 2840 837 2913 colloquium
859 2840 1001 2898 eiusdem
1024 2855 1098 2898 curn
1119 2855 1228 2914 uxore,
1252 2855 1406 2913 quaeres

272 2947 300 3004 ei
332 2947 447 3006 merito
478 2948 563 3006 tanti
588 2948 746 3008 momenti
771 2947 948 3022 videbatur,
977 2948 1014 3006 ut
1035 2948 1153 3007 Donati
1173 2947 1406 3007 commentario

271 3053 434 3111 insereret.
1195 3121 1197 3126 ¹

310 3158 438 3218 Etenim
460 3159 488 3216 si
509 3160 668 3219 scholium
690 3160 781 3220 adv,
804 3161 842 3219 10
859 3159 1088 3220 tantummodo
1103 3160 1322 3234 superfuisset,
1338 3161 1406 3217 iure

266 3266 375 3340 rogari
406 3267 541 3339 poterat,
574 3281 629 3324 cur
651 3267 819 3326 Terentius
847 3281 911 3326 non
940 3267 1070 3326 omnino
1096 3266 1405 3326 contaminationem

270 3373 469 3447 denegasset.
491 3374 514 3431 Ε
538 3374 654 3432 notitia
674 3389 750 3433 vero
772 3390 791 3432 a
812 3373 988 3433 scholiasta
1009 3374 1177 3448 cservata,
1193 3372 1405 3432 manifestum

270 3482 328 3554 est,
351 3496 414 3540 non
431 3483 503 3540 tam
518 3480 610 3539 facile
625 3481 811 3540 Terentium
824 3479 1133 3540 illam'dissimulare
1146 3481 1298 3553 potuisse.
1320 3480 1404 3540 Nam

271 3588 332 3646 etsi
359 3589 485 3646 credere
511 3602 686 3662 possumus
712 3587 907 3647 scholiastae
929 3588 968 3646 ad
989 3602 1019 3646 v.
1042 3588 1089 3661 10,
1113 3601 1244 3668 scenam
1265 3586 1405 3661 primam

268 3695 302 3753 ln
339 3695 459 3754 Andria
496 3709 541 3768 gr.
581 3695 613 3752 et
650 3695 683 3752 in
722 3694 884 3753 Perinthia
918 3694 1120 3752 simillimam
1152 3693 1260 3766 fuisse,
1292 3694 1405 3751 tamen

270 3801 483 3874 discrepantia
502 3801 567 3875 illa,
589 3801 673 3874 quod
693 3801 727 3859 in
747 3817 813 3859 una
834 3801 999 3860 comoedia
1020 3800 1233 3874 soliloquium,
1256 3799 1289 3857 in
1304 3799 1405 3858 altera

269 3909 463 3982 colloquium
478 3909 556 3982 erat,
573 3910 612 3968 ab
628 3909 819 3967 adversariis
835 3908 944 3982 augeri
959 3909 1056 3980 atque
1070 3907 1257 3981 exaggerari
1268 3907 1404 3981 poterat.

309 4017 381 4074 Iam
408 4017 445 4074 ut
472 4016 561 4074 brevi
589 4016 793 4089 complectar,
823 4030 906 4088 quae
932 4030 973 4073 ex
995 4015 1123 4074 scholiis
1144 4015 1195 4073 his
1216 4014 1303 4073 certo
1325 4011 1405 4072 effici

268 4124 403 4198 possint,
436 4123 565 4182 constat
598 4137 615 4180 e
646 4122 766 4182 scholio
798 4138 813 4181 c
846 4122 1032 4180 Terentium
1065 4121 1245 4180 Perinthiae
1272 4134 1405 4182 scenam

269 4231 417 4305 primam,
457 4230 512 4288 ubi
550 4244 649 4289 senex
688 4244 763 4288 cum
799 4243 901 4288 uxore
932 4228 1180 4302 colloquebatur,
1213 4226 1405 4302 praetulisse
