3386 5046
843 547 880 604 22

337 735 529 811 „Pecuniam
549 733 583 792 in
602 732 672 792 loco
687 733 852 806 neglegere
866 733 1052 791 maximum
1066 732 1261 792 interdumst
1272 732 1428 794 lucrum'’.

294 843 352 902 list
373 843 424 902 hic
445 856 525 900 saue
544 839 636 899 lusus
657 840 775 912 ingenii
795 855 950 913 perquam
973 839 1086 899 doctus
1103 840 1141 898 et
1165 839 1297 914 lepidus,
1320 839 1376 898 sed
1388 840 1428 900 ad

295 948 494 1024 probandum
529 947 654 1021 quidvis
689 961 818 1020 prorsus
852 946 985 1006 inutilis
1027 946 1132 1005 Verba
1167 949 1289 1008 Graeca
1316 953 1426 1035 καιρῷ-

296 1052 381 1131 φέρει
417 1054 582 1114 continent
615 1053 812 1111 sententiam
843 1052 1035 1126 generalem,
1069 1067 1152 1125 quae
1182 1068 1245 1112 non
1277 1053 1326 1112 ita
1355 1067 1429 1112 rara

296 1175 367 1219 esse
405 1161 512 1220 debuit
550 1161 583 1219 in
622 1159 788 1220 comoedia
820 1161 934 1233 cuique
964 1161 1089 1219 certum
1121 1159 1228 1220 locum
1261 1161 1429 1234 adsignare

295 1267 418 1327 difficile
439 1269 499 1328 est.

336 1375 369 1434 Si
395 1376 465 1448 quis
495 1376 637 1448 quaerat,
654 1375 761 1456 ¹quale
789 1375 956 1434 exordium
981 1375 1073 1433 actus
1096 1374 1226 1433 secundi
1247 1375 1426 1434 Menandrei

296 1482 395 1541 fuisse
414 1482 477 1540 illis
498 1482 575 1540 viris
597 1482 752 1556 videatur,
775 1481 1429 1555 1111111111113511111111111111111111

295 1590 419 1648 sesain
441 1587 591 1663 Adelphis
613 1588 735 1662 graecis
757 1589 772 1646 Ι
794 1590 811 1647 2
835 1590 866 1646 11
888 1588 919 1646 ΙΙ
941 1590 969 1648 3.
1014 1588 1086 1662 „Bei
1107 1588 1278 1647 Menander
1299 1589 1429 1647 mochte

295 1696 397 1754 dieser
418 1694 550 1753 Auffiitt
572 1695 627 1754 des
649 1695 797 1768 Ctesipho
819 1694 921 1768 gleich
944 1694 1003 1752 auf
1020 1695 1078 1753 das
1094 1694 1255 1768 Gesprach
1270 1694 1325 1752 des
1337 1694 1428 1754 Micio

295 1802 360 1861 und
380 1802 501 1860 Demea
522 1800 655 1874 folgen’'.
688 1802 804 1861 Obstat
821 1802 896 1859 huic
911 1802 1122 1874 coniecturae,
1140 1802 1223 1874 quod
1238 1802 1426 1875 Aeschinus,

295 1909 349 1982 qui
381 1909 456 1967 actu
487 1909 589 1981 primo
622 1907 697 1967 ioris
730 1910 788 1980 est,
820 1909 854 1966 in
887 1909 917 1966 Il
939 1911 967 1968 4.
991 1909 1077 1968 domi
1099 1923 1171 1967 esse
1191 1907 1330 1983 tingitur,
1353 1923 1428 1967 cum

296 2016 493 2088 spectatores
521 2014 598 2073 nihil
620 2015 658 2072 de
679 2015 747 2072 eius
768 2014 872 2073 reditu
894 2016 1118 2088 compererint.
1160 2015 1321 2074 Sollemne
1342 2015 1428 2074 enim

296 2124 345 2180 est
376 2122 452 2180 talis
483 2123 540 2179 rei.
559 2122 717 2181 rationem
750 2121 836 2180 reddi
868 2121 901 2180 in
933 2122 1117 2190 comoediis
1141 2123 1260 2195 ignotis
1295 2123 1428 2180 actuum

295 2229 487 2303 interstitiis
516 2228 550 2286 ci
567 2228 720 2287 Dziatzko
750 2229 899 2287 Phormio
927 2244 956 2301 p.
985 2231 1024 2288 45
1046 2229 1109 2288 Leo
1131 2229 1251 2304 Quaest
1273 2227 1376 2288 Plaut.
1398 2244 1429 2302 p.

297 2337 334 2395 13
355 2351 406 2395 no.
429 2337 456 2395 3.

335 2442 425 2501 Idem
446 2458 521 2502 vero
542 2459 571 2516 p.
594 2442 654 2502 143
672 2443 751 2501 haec
772 2441 886 2502 habet:
911 2443 969 2516 „Es
991 2443 1034 2500 ist
1055 2441 1152 2501 leicht
1173 2443 1321 2516 moglich,
1353 2443 1428 2501 dass

294 2550 465 2608 Menander
496 2549 555 2608 den
586 2550 765 2608 Aeschinus
797 2565 861 2608 von
893 2549 1013 2607 diesem
1047 2551 1226 2608 Schmause
1257 2549 1306 2612 (oi.
1333 2550 1427 2620 111)

294 2655 522 2715 heimkehrend
551 2656 710 2715 austreten
738 2635 823 2730 Mese,
854 2656 894 2714 da
922 2656 972 2714 die
991 2656 1284 2714 tumultuarischen
1307 2657 1428 2714 Scenen

295 2763 356 2820 1111
379 2763 496 2822 Sannio
518 2763 568 2822 bei
588 2763 656 2821 ihm
670 2764 759 2822 nicht
774 2778 898 2824 waren:
922 2764 1042 2822 Tereuz
1057 2763 1184 2820 musste
1197 2763 1264 2821 hier
1278 2763 1429 2820 Manches

296 2869 423 2943 andern,
447 2870 486 2928 da
508 2885 541 2927 er
558 2870 632 2942 jene
651 2870 808 2928 Austritte
829 2869 1000 2944 einiiigte''.

337 2977 577 3036 subobscurum
605 2977 664 3049 est,
694 2976 852 3048 quomodo
881 2976 1037 3036 Grauerto
1058 2991 1165 3035 rerum
1187 2977 1323 3034 eventus
1346 2975 1429 3049 apud

295 3083 504 3142 Menandrum
525 3083 695 3141 institutus
718 3082 817 3141 fuisse
837 3083 993 3142 videatur.

336 3191 508 3249 Nencinius
526 3204 601 3248 cum
616 3190 771 3249 Grauerto
787 3189 873 3264 facit,
890 3191 924 3248 at
938 3190 999 3248 sihi
1013 3191 1173 3263 persuasit
1188 3190 1221 3248 in
1237 3190 1310 3248 actu
1325 3189 1428 3262 primo

294 3298 389 3370 longe
410 3297 597 3356 discessisse
618 3297 657 3355 ab
676 3297 852 3370 exemplari
872 3311 986 3370 graeco
1004 3298 1134 3370 poetam
1149 3297 1297 3370 latinum,
1313 3296 1351 3355 de
1364 3310 1428 3369 qua

294 3419 329 3464 re
349 3404 432 3464 inira
454 3419 559 3478 agam.
600 3404 680 3462 Vide
700 3419 729 3477 p.
752 3405 800 3464 30.

335 3512 449 3584 Itaque
470 3511 622 3584 Mancinii,
638 3511 793 3585 Grauerti,
808 3510 951 3570 Teuffelii
962 3511 1124 3569 sententia
1135 3511 1173 3568 de
1184 3511 1275 3583 parte
1285 3509 1429 3584 Diphilea

295 3619 327 3676 et
349 3617 388 3676 de
408 3619 513 3678 forma
533 3619 627 3677 huius
650 3632 766 3676 scenae
788 3617 871 3691 apud
892 3605 1101 3677 Menandrum
1124 3618 1204 3676 mihi
1218 3617 1429 3690 improbanda

294 3725 420 3784 videtur
452 3726 483 3784 et
514 3726 642 3799 propius
674 3725 789 3784 accedo
822 3725 862 3784 ad
894 3724 1032 3798 aarum,
1059 3725 1245 3798 Klaseaum,
1267 3723 1427 3797 Repetam,

294 3831 522 3906 Deiotalcoaem,
555 3833 609 3906 qui
640 3834 671 3891 Π
704 3835 719 3891 1
752 3848 783 3892 v.
806 3834 903 3891 1-42
934 3833 1065 3890 tautum
1098 3830 1429 3892 acommorientibus

296 3939 484 4013 desumptos
506 3955 578 3998 esse
597 3940 722 4014 putant,
746 3939 938 3998 dissentiens
959 3940 1071 3998 tamen
1091 3939 1184 3997 abiis
1206 3939 1239 3996 in
1253 3953 1284 3998 v,
1299 3938 1428 3996 42—55.

336 4045 446 4105 Ihnius
485 4062 514 4119 p.
555 4049 592 4106 27
624 4046 780 4120 respicere
810 4061 869 4106 nos
901 4047 990 4105 iubet
1022 4045 1143 4120 prologi
1174 4059 1288 4104 versus
1319 4045 1429 4117 6-11‚

295 4153 411 4225 quibus
433 4153 547 4211 dicitur
568 4154 747 4226 raptionem
761 4168 864 4226 neque
877 4153 1050 4226 quicquam
1062 4152 1147 4212 aliud
1158 4152 1347 4210 mutuatum
1359 4166 1430 4210 esse

296 4259 483 4318 Terentium
515 4275 533 4318 a
554 4260 687 4335 Diphilo,
711 4276 793 4333 quae
813 4260 917 4334 raptio
938 4276 969 4321 v.
992 4261 1089 4319 1-43
1112 4259 1187 4317 1111
1207 4258 1429 4332 spectatorum
