3386 5046
831 532 869 590 14

289 755 318 764 —
344 719 609 782 wahrscheinlioh
636 719 668 778 in
698 719 855 776 frdhester
878 717 1002 792 lugend
1029 747 1057 758 -
1082 717 1185 776 ihrem
1207 715 1418 776 Elternhause

285 828 486 902 entiremdet,
516 827 563 886 als
594 825 721 884 Sclavin
742 825 892 883 verkauft
913 824 1050 897 worden,
1073 824 1137 882 und
1159 822 1282 881 endlich
1302 822 1335 880 in
1358 822 1416 880 den

284 937 392 994 Besitz
420 935 507 993 eines
528 933 685 1007 Kupplers
710 932 839 1005 gelangt
859 932 914 991 ist.
955 932 1016 989 Der
1038 929 1217 990 Gewaltact
1239 929 1282 988 ist
1303 929 1419 1003 gerade

285 1043 383 1101 durch
398 1042 448 1101 die
462 1040 623 1099 Herkunft
638 1040 693 1098 des
709 1039 879 1098 Madchens
894 1038 1054 1097 motivirt:
1070 1037 1124 1095 der
1138 1035 1278 1110 Kuppler
1292 1035 1419 1094 musste

285 1150 354 1208 sich
374 1150 514 1208 scheuen
535 1162 637 1221 gegen
662 1147 722 1205 den
742 1146 913 1204 Entfi'rhrer
935 1145 1005 1203 eine
1025 1140 1090 1214 δίκη
1106 1140 1211 1214 αἰκίας
1223 1139 1417 1215 οᾱθτβικίων

286 1256 446 1329 anhangig
474 1271 514 1314 zu
544 1255 690 1328 machon,
720 1252 760 1312 da
789 1252 932 1326 alsdann‚
962 1267 1025 1311 von
1047 1252 1206 1311 Anderem
1229 1251 1417 1324 abgesehen,

285 1364 354 1421 ihm
383 1363 452 1421 eine
481 1361 628 1434 doppelte
656 1362 778 1440 γραφὴ,
802 1356 928 1434 εἱργμοῦ
953 1359 1017 1417 und
1045 1357 1276 1435 προαγωγείας,
1298 1358 1418 1418 drohte.

287 1471 416 1540 Teroua,
449 1468 594 1540 welcher‚
629 1467 782 1542 „verbum
805 1466 843 1524 de
862 1466 959 1525 verbo
982 1481 1172 1540 expressum
1194 1465 1340 1541 extulit”,
1362 1467 1419 1524 hat

287 1577 369 1635 auch
397 1575 487 1648 jenes
516 1574 617 1633 Motiv
646 1573 887 1645 iibernommen,
918 1573 974 1632 das
1004 1572 1054 1630 fdr
1079 1572 1129 1630 die
1148 1572 1311 1645 Adelphoe
1332 1573 1420 1631 nicht

286 1697 346 1742 nur
367 1680 573 1753 entbehrlich,
597 1680 734 1739 sondern
756 1680 911 1753 geradezu
933 1680 1063 1738 storend
1086 1681 1159 1739 ist''.

326 1790 413 1847 Bene
453 1788 608 1846 refutavit
651 1789 733 1847 hanc
775 1787 956 1861 opinionem
999 1786 1132 1846 Ncuciui
1173 1803 1202 1859 p.
1235 1787 1303 1860 122,
1345 1801 1421 1844 cum

289 1896 444 1969 respicere
472 1910 530 1953 nos
559 1895 669 1952 iubeat
697 1894 817 1967 prologi
847 1908 976 1951 versum
1005 1896 1032 1967 9,
1063 1894 1116 1952 ubi
1142 1893 1247 1967 puella
1268 1894 1421 1951 meretrix

291 2001 476 2076 appellatur.
501 2003 604 2075 „Tum
626 2002 653 2058 si
675 2001 780 2074 puella
800 2001 899 2059 libera
921 2001 998 2073 erat,
1021 2015 1085 2074 cur,
1097 2001 1210 2074 inquit,
1223 2015 1296 2059 eam
1308 2000 1421 2072 eripuit

293 2108 507 2184 „adulescens
540 2123 638 2181 quam
670 2109 750 2166 iure.
767 2109 800 2166 in
825 2107 1039 2181 patrocinium
1061 2122 1158 2165 suum
1180 2108 1240 2165 sibi
1261 2107 1423 2165 vindicare

295 2215 462 2290 „poteram
492 2214 601 2287 Neque
633 2215 718 2272 enim
751 2215 809 2287 est,
843 2229 898 2271 cnr
926 2213 1013 2272 dicas
1038 2215 1235 2272 Aeschinum
1256 2213 1287 2273 id
1309 2213 1423 2272 fecisse

294 2322 466 2395 „temporis
487 2321 647 2379 brevitate
668 2321 817 2380 coactum
839 2322 896 2379 aut
918 2321 1118 2394 Ctesiphonis
1136 2321 1267 2380 consilio
1282 2320 1422 2378 verentis

295 2443 353 2502 „ne
375 2428 477 2487 maior
498 2428 530 2486 in
553 2428 686 2485 civitate
706 2443 815 2486 rumor
836 2429 984 2486 manaret
1007 2429 1105 2500 atque
1119 2428 1159 2486 ad
1170 2428 1308 2486 Demeae
1322 2427 1423 2500 patris

295 2549 406 2609 „aures
438 2549 489 2592 res
521 2534 720 2607 perferretur.
751 2535 835 2592 Nam
865 2536 903 2593 de
922 2535 1077 2607 temporis
1098 2535 1266 2608 brevitate,
1289 2550 1351 2607 quo
1372 2549 1423 2592 res

294 2643 387 2717 „acta
419 2642 478 2699 fuit
510 2642 642 2700 tantum
673 2642 706 2700 in
731 2642 876 2700 versibus
902 2643 1060 2701 272-273
1081 2642 1199 2700 iniecta
1221 2643 1270 2700 est
1292 2641 1422 2713 mentio,

294 2748 366 2821 „qui
386 2747 521 2821 Diphilei
543 2762 606 2806 non
628 2749 719 2820 sunt;
742 2762 800 2805 neo
822 2748 994 2820 quicquam
1016 2763 1134 2807 causae
1155 2750 1204 2806 est
1217 2748 1424 2820 curhacipsa

294 2854 436 2928 „ratione
457 2855 488 2911 et
512 2854 595 2926 apud
609 2854 771 2926 Diphilum
786 2869 854 2912 rem
867 2855 1129 2914 administratam
1141 2870 1213 2913 esse
1224 2869 1423 2913 censeamus

295 2961 410 3035 „Metui
442 2961 553 3019 autem
585 2961 674 3020 locus
707 2976 778 3018 esse
802 2962 932 3020 omnino
957 2977 1020 3020 non
1042 2964 1177 3036 poterat,
1201 2963 1327 3035 quando
1347 2961 1424 3019 illud

295 3082 414 3141 „unum
436 3081 531 3125 curae
555 3068 623 3126 erat
646 3068 837 3141 Ctesiphoni,
861 3083 995 3127 nereus
1016 3070 1181 3142 ipseprae
1202 3070 1303 3142 patris
1325 3067 1424 3127 oculis

296 3173 488 3247 „videreturz
519 3175 601 3246 quod
623 3175 752 3246 quidem
773 3176 953 3234 timendum
975 3176 1041 3234 iam
1064 3176 1092 3233 ei
1114 3192 1177 3235 non
1199 3177 1276 3250 erat,
1300 3191 1340 3234 ex
1362 3191 1424 3248 quo

296 3281 493 3353 „Aeschinus
523 3280 620 3339 frater
646 3281 818 3341 maledicta
840 3282 962 3341 lamam
984 3283 1127 3341 laborem
1149 3284 1180 3340 et
1202 3284 1371 3357 peccatum
1392 3283 1425 3340 in

297 3402 350 3462 „se
369 3387 591 3446 transtulerat.
612 3404 642 3448 r.
665 3390 753 3449 263”.

334 3494 378 3552 At
399 3509 440 3553 ne
460 3509 592 3553 necesse
613 3496 740 3568 quidem
763 3497 821 3569 est,
845 3511 926 3568 quae
946 3497 1151 3556 Dziatzkonis
1173 3497 1334 3555 sententia
1355 3496 1425 3570 init,

295 3601 469 3660 versiculos
501 3601 573 3660 illos
605 3602 652 3660 ita
681 3603 848 3676 explicare,
871 3604 963 3675 quasi
984 3604 1109 3662 iuvenis
1131 3603 1213 3662 serio
1234 3603 1426 3676 loqueretur.

296 3708 429 3767 Nencini
453 3724 482 3781 p.
509 3709 568 3768 124
589 3709 833 3769 altercationem
854 3711 937 3768 inter
960 3711 1154 3769 Sannionem
1177 3711 1208 3768 et
1229 3711 1427 3769 Aeschinum

297 3815 335 3873 de
356 3815 522 3873 vendenda
543 3815 648 3888 puella
670 3817 764 3875 acute
786 3817 817 3874 et
840 3832 913 3875 vere
934 3817 980 3875 sic
1002 3817 1169 3891 explicuit:
1200 3818 1298 3891 „Cum
1321 3817 1427 3891 paullo

299 3921 483 3994 „superbius
513 3922 628 3980 dixerit
656 3923 744 3983 leno:
781 3923 826 3997 „si
854 3939 925 3982 earn
951 3923 1024 3983 nolo
1049 3924 1192 3997 vendere,
1216 3939 1309 3997 coges
1332 3924 1427 3983 me?'’

299 4027 455 4103 „inridens
487 4029 676 4103 Aeschinus
710 4030 793 4102 quod
819 4045 854 4088 se
875 4030 946 4089 leno
967 4031 1104 4090 vendere
1124 4031 1208 4090 nolle
1229 4031 1323 4104 dicat,
1346 4046 1429 4104 quae

299 4134 348 4209 „in
381 4134 485 4193 aliena
516 4137 679 4209 potestate
709 4137 776 4195 iam
798 4138 850 4210 sit,
875 4138 1045 4212 „minime”
1070 4139 1255 4211 respondet;
1277 4139 1333 4196 nbi
1352 4153 1428 4197 vero

300 4240 404 4314 „videt
434 4241 582 4301 lenonem
614 4244 691 4302 illud
720 4245 889 4318 „minime”
911 4246 1030 4304 ironice
1050 4245 1172 4304 dictum
1193 4261 1256 4304 non
1278 4245 1427 4320 sensisse,
