3368 5046
824 515 862 573 72

278 703 359 778 dere,
398 701 481 776 quod
512 716 626 776 parum
659 700 809 759 accurate
839 715 895 774 pro
926 697 1070 759 Andriae
1101 696 1230 758 Andria
1260 698 1411 772 posuerit,

278 808 390 868 deinde
419 807 503 882 quod
535 806 678 868 omiserit
710 807 832 881 notare,
864 805 919 878 qui
950 805 1015 864 sint
1046 805 1107 865 loci
1138 804 1183 863 illi
1213 805 1247 864 in
1277 806 1414 878 utraque

279 915 388 976 fabula
409 914 514 989 positi.

318 1022 474 1095 Alterum,
497 1018 674 1080 conflatum
694 1019 825 1078 etribus
837 1017 966 1077 scholiis
979 1017 1122 1091 diversis,
1134 1017 1251 1092 legitur
1263 1017 1303 1092 ad
1315 1033 1345 1078 v,
1359 1019 1413 1078 13:

278 1144 300 1187 a
322 1126 489 1203 „Apparet
512 1140 575 1184 non
598 1125 636 1183 de
655 1124 814 1183 industria
835 1123 891 1182 sed
912 1138 991 1183 casu
1011 1139 1082 1182 esse
1099 1123 1261 1182 translata
1273 1139 1319 1198 ea,
1332 1137 1415 1196 quae

279 1232 318 1292 de
359 1232 522 1292 Perinthia
563 1231 596 1292 in
631 1231 787 1290 Andriam
828 1231 940 1290 eodem
971 1245 1069 1289 sensu
1100 1229 1278 1302 iisdemque
1308 1229 1414 1288 verbis

279 1339 454 1414 perscripta
485 1331 643 1398 suerunt.'’
676 1337 704 1398 b.
735 1338 861 1412 „Unam
892 1352 975 1411 ergo,
1008 1353 1073 1396 non
1105 1337 1185 1395 duas
1216 1324 1415 1396 transtulit''.

279 1461 304 1505 c.
328 1446 433 1520 „Quae
454 1444 530 1517 apte
552 1445 584 1502 et
605 1444 777 1504 commoda
798 1444 929 1502 fuerunt
950 1444 984 1502 in
1005 1443 1162 1503 Andriam
1176 1444 1336 1517 Latinam,
1352 1459 1416 1503 norr

280 1552 437 1612 Graecam
459 1551 579 1609 fatetur
598 1551 815 1611 transtulisse.
844 1550 906 1608 Sed
927 1565 1026 1623 quare
1042 1565 1082 1626 se
1103 1551 1215 1611 onerat
1237 1550 1415 1624 Terentius,

281 1675 357 1720 cum
387 1659 489 1733 possit
520 1659 620 1717 videri
651 1659 690 1717 de
720 1674 786 1717 una
816 1657 1048 1718 transtulisse?
1080 1658 1131 1717 Sic
1153 1658 1305 1718 solvitur:
1338 1658 1417 1732 Quia

281 1766 428 1826 conscius
460 1765 520 1824 sibi
552 1766 602 1824 est
633 1765 774 1838 primam
805 1779 938 1823 scenam
970 1765 1009 1823 de
1041 1765 1203 1824 Perinthia
1225 1779 1297 1823 esse
1316 1765 1419 1824 trans·

280 1871 394 1941 latam,
416 1871 472 1929 ubi
493 1885 592 1929 senex
614 1871 661 1928 ite
683 1884 758 1928 oum
780 1885 880 1929 uxore
900 1871 1049 1944 loquitur,
1073 1872 1109 1929 ut
1131 1872 1209 1944 aput
1231 1870 1418 1929 Terentium

282 1991 357 2036 cum
377 1977 509 2038 liberto:
533 1978 567 2036 at
587 1977 620 2035 in
641 1977 762 2035 Andria
783 1977 946 2036 Menandri
967 1978 1056 2037 solus
1078 1992 1178 2036 senex
1200 1977 1280 2036 est.’'

321 2083 497 2142 Videamus
518 2085 659 2156 primum
681 2083 719 2142 de
741 2084 949 2144 adnotatione
969 2100 999 2144 u.
1021 2085 1142 2144 Exhac
1155 2083 1419 2142 frustresensum

282 2190 422 2263 aliquem
453 2190 651 2263 probabilem
681 2190 794 2249 elicere
826 2191 963 2250 conatus
995 2207 1080 2250 sum.
1121 2191 1207 2249 Num
1240 2190 1418 2262 Terentiae,

284 2311 381 2371 „quae
422 2297 526 2355 eodem
568 2312 662 2356 seusu
703 2297 876 2370 iisdemque
917 2297 1019 2357 uerbis
1048 2298 1230 2372 perscripta
1256 2296 1419 2373 fueruui,'’

282 2402 456 2462 transferre
486 2404 591 2477 potuit
613 2419 631 2463 e
652 2404 814 2463 Perinthia
845 2404 877 2463 in
906 2404 1062 2464 Andriam
1089 2405 1227 2464 latinam
1252 2419 1330 2462 casu
1351 2403 1371 2462 i.
1395 2417 1419 2460 e.

282 2509 476 2583 imprudens
498 2510 546 2569 ita
567 2511 603 2569 ut
625 2511 772 2570 conscius
794 2510 938 2570 sibinen
950 2513 1045 2584 esset,
1059 2511 1133 2584 quid
1146 2510 1289 2570 iaceret?
1309 2510 1422 2570 Nonne

284 2616 424 2674 stultum
444 2617 504 2675 hoc
527 2617 586 2690 est,
608 2617 775 2676 hominem
795 2617 912 2692 ipsum,
936 2617 990 2690 qui
1010 2617 1186 2691 perscribit,
1209 2617 1325 2690 fugere,
1338 2616 1422 2689 quod

283 2723 454 2780 mutuatus
493 2723 536 2781 sit
574 2723 734 2796 quaedam
757 2723 905 2782 stabula
944 2723 1034 2782 alia?
1071 2723 1186 2797 ltaque
1216 2738 1279 2782 non
1312 2723 1422 2782 dubito

283 2829 441 2888 scholium
483 2829 670 2902 corruptum
714 2829 863 2888 iudicare.
906 2830 982 2889 Levi
1022 2831 1133 2888 autem
1171 2829 1354 2889 mutatione
1390 2829 1423 2887 in

282 2936 445 3008 integrum
475 2936 603 2994 restitui
634 2936 750 3010 potest,
782 2937 991 3010 transpositis
1025 2951 1141 3010 nempe
1172 2953 1217 3010 eo,
1250 2952 1329 3010 quoe
1350 2939 1423 3009 post

283 3041 454 3101 Andrium.
497 3043 569 3101 Iam
607 3043 635 3100 si
675 3043 835 3102 scholium
865 3044 899 3102 in
933 3045 1018 3104 hunc
1049 3044 1184 3103 modum
1215 3042 1423 3103 emendatum

284 3148 478 3210 conferimus
500 3163 575 3207 cum
592 3149 714 3223 prologi
725 3165 782 3223 vss
795 3151 842 3210 13.
857 3151 894 3209 14
918 3152 1024 3226 „Quae
1035 3165 1212 3211 convenere
1224 3151 1257 3209 in
1268 3150 1425 3209 Andriam

286 3269 326 3314 ex
354 3253 516 3314 Perinthia
554 3256 687 3314 Fatetur
725 3257 934 3315 transtulisse
973 3258 1071 3330 atque
1101 3272 1200 3315 usum
1231 3272 1287 3330 pro
1323 3256 1422 3330 suiS‚”

285 3362 416 3436 apparet
453 3361 667 3421 scholiastam
702 3362 944 3436 interpunxisse
984 3364 1057 3436 post
1096 3364 1296 3438 „conuenere”
1329 3363 1426 3436 atque

285 3469 384 3527 verba
407 3468 463 3528 illa
489 3484 570 3542 quoe
591 3484 753 3529 conuenere
773 3470 1024 3544 interpretatum
1046 3485 1118 3528 esse
1145 3485 1200 3545 per
1221 3486 1302 3544 quae
1322 3470 1426 3529 eodem

286 3589 380 3634 seusu
400 3575 571 3648 iisdemque
586 3574 700 3635 ,uerbis
715 3577 897 3652 perscripto
914 3579 1055 3652 suerum,
1074 3592 1157 3650 quae
1171 3576 1284 3635 eadem
1298 3576 1426 3635 fuerunt

286 3680 319 3740 in
341 3681 477 3754 utraque
498 3682 617 3744 sabula.
638 3683 785 3742 Donatus
806 3683 905 3757 igitur
926 3685 1042 3758 purgat
1065 3683 1252 3744 Terentium
1274 3683 1428 3743 contami-

288 3787 430 3847 nationis
453 3789 594 3863 crimine,
628 3788 705 3848 dum
737 3791 878 3850 ostendit
908 3792 1040 3864 poetam
1060 3790 1199 3849 latinum
1220 3790 1253 3848 in
1274 3788 1429 3848 vertenda

288 3893 408 3953 Andria
448 3910 494 3968 gr.
536 3896 718 3956 necessario
760 3897 969 3955 transtulisse
1012 3897 1218 3957 Perinthiarra
1259 3895 1428 3969 quaedem,

291 4000 548 4075 quandoquidem
582 4003 650 4062 iam
683 4018 702 4062 a
733 4003 904 4063 Menandro
936 4003 997 4063 loci
1030 4003 1174 4063 nonnulli
1205 4003 1309 4062 eodem
1337 4017 1431 4062 seusu

290 4107 463 4181 iisdemque
490 4108 591 4168 uerbis
620 4125 661 4168 ex
688 4125 753 4169 una
782 4110 891 4169 fabula
911 4110 944 4169 in
966 4110 1103 4170 alteram
1124 4110 1290 4184 perscripti
1312 4110 1431 4169 essent.

333 4214 455 4276 Auctor
476 4213 494 4274 b
516 4216 676 4276 concludit
698 4232 715 4275 6
736 4217 857 4278 scholio
879 4233 909 4291 a,
933 4216 1120 4277 Terentium
1141 4217 1280 4276 Andriae
1300 4217 1432 4276 tantum
