3368 5046
819 519 878 579 104

280 706 424 766 fabulam
455 704 655 764 referendum
686 704 737 779 sit,
771 718 846 763 eum
877 702 1074 763 sententiam
1099 705 1263 765 contineat
1283 720 1348 765 non
1368 705 1415 764 ita

280 828 388 872 raram
399 812 575 886 multisque
586 810 702 870 fabulis
714 811 906 884 appositam.
921 810 1133 871 1711111111.
1145 813 1182 871 57
1194 826 1263 885 sqq,
1276 813 1415 886 aaasqq.

321 919 371 978 Ad
406 919 437 978 ΙΙ
479 920 508 979 4.
548 920 575 978 3.
612 917 725 992 „Venit
759 916 936 976 meditatus
969 917 1114 978 alicunde
1145 933 1184 976 ex
1216 918 1284 978 solo
1315 918 1415 979 loce.'’

240 1099 244 1108 ¹
280 1027 425 1087 Donatus
447 1023 610 1085 Menandri
631 1025 730 1084 verba
752 1024 879 1086 laudat:

549 1128 712 1207 Edperratr
736 1123 815 1192 εἶναι’
836 1134 918 1209 φασι
941 1135 997 1208 τὴν
1020 1127 1146 1207 ἐρημίαν

551 1235 591 1299 Οἱ
614 1234 674 1309 τὰς
697 1237 789 1314 ὀφρῦς
813 1232 958 1313 αἴροντες.
1001 1237 1050 1303 (M.
1072 1237 1136 1318 IV.)

280 1345 402 1408 Auctor
427 1345 548 1404 latinus
575 1345 673 1418 igitur
699 1345 732 1404 in
761 1344 890 1403 brevius
919 1344 1081 1404 contraxit
1103 1359 1218 1418 graeca
1243 1344 1417 1418 amisitque

280 1452 541 1527 philosophorum
581 1451 790 1525 mentionem,
837 1451 891 1524 qui
936 1451 1016 1510 111111
1057 1449 1229 1525 significari
1267 1451 1416 1511 videntur

280 1575 376 1619 versu
398 1559 508 1619 altero.

322 1665 505 1740 Sequuntur
532 1665 653 1724 scholia
683 1665 722 1724 ad
750 1665 797 1724 111
827 1666 855 1724 1.
884 1665 922 1724 15
954 1665 1054 1738 „Iuno
1086 1665 1216 1739 Lucina,
1239 1665 1285 1724 fer
1309 1679 1413 1739 opem,

252 1778 376 1832 'serva
407 1787 469 1847 me,
501 1772 662 1847 obsecro'',
693 1771 778 1830 unde
804 1771 1022 1845 comperimus
1050 1771 1083 1830 in
1105 1772 1282 1844 exemplari
1302 1787 1416 1846 graeco

281 1895 337 1954 pro
375 1879 497 1938 Iunone
537 1878 667 1952 Luctus,
710 1879 784 1937 diva
820 1878 930 1952 latina,
968 1877 1069 1937 fuisse
1098 1878 1248 1954 ’Ἄρτεμιν
1285 1878 1333 1943 (M.
1368 1878 1415 1948 V.)

280 1986 443 2045 Donatus:
474 1984 724 2060 „obstetriciam
761 1984 959 2058 potestatem
988 1985 1101 2044 Iunoni
1123 1985 1285 2060 adtribuit,
1307 1999 1417 2058 quam·

281 2107 381 2166 quam
405 2089 575 2150 Menander
595 2091 686 2149 illam
707 2091 845 2149 Dianam
868 2090 1036 2164 appellat'’.
1062 2091 1278 2164 Dugraphius:
1307 2091 1417 2166 „Hane

283 2199 458 2268 (lunonem)
484 2197 614 2270 quidam
637 2197 750 2255 tamen
771 2198 879 2271 potius
897 2197 1035 2256 Dianam
1057 2211 1129 2256 esse
1150 2197 1315 2258 dixerunt:
1337 2213 1415 2276 nam

281 2305 329 2365 ita
350 2305 520 2364 Menander
539 2305 646 2378 ipsam
666 2305 771 2378 vocat,
794 2319 895 2377 quum
917 2305 992 2363 dicit
1012 2282 1197 2380 ”Apaaprvr’
1465 2385 1468 2392 Ι

322 2410 432 2470 Paullo
463 2412 537 2484 post
566 2410 605 2469 ad
635 2409 683 2468 111
705 2411 732 2470 2.
755 2411 774 2469 3
798 2411 906 2485 „Mune
929 2411 1069 2484 primum
1091 2411 1142 2470 fac
1164 2412 1230 2471 ista
1251 2412 1287 2469 ut
1308 2411 1415 2470 lavet'’

248 2512 250 2517 ’
282 2518 445 2580 Menandri
465 2519 564 2577 verba
1395 2513 1397 2518 ’

487 2651 488 2656 ’
572 2618 711 2686 Λούσνιτ’
737 2622 834 2702 αὐτὴν
860 2620 986 2685 αὐτίκα.
1034 2624 1083 2688 (Μ.
1103 2625 1157 2694 Vi)

282 2732 578 2791 commemorantur
600 2747 619 2790 1
639 2732 774 2791 Donato.

321 2837 370 2897 Ad
388 2838 525 2897 eundem
545 2837 654 2898 locum
675 2837 812 2911 pertinet
834 2837 904 2896 sine
926 2837 1020 2896 dubio
1043 2837 1149 2912 fragm
1168 2838 1199 2897 11

484 2940 536 3004 καὶ
560 2940 715 3020 τεττάρων
740 2940 805 3020 ᾠῶν
829 2941 914 3018 μετὰ
938 2950 1035 3018 τοῦτο,
1059 2940 1216 3022 Drasdea,

483 3049 517 3111 τὸ
542 3046 682 3112 νεοττίον.

283 3173 302 3216 1
324 3157 462 3216 Stobaeo
484 3171 560 3215 cum
583 3155 712 3216 fabulae
733 3158 864 3217 nornine
885 3159 1064 3218 servatum.
1092 3158 1223 3218 Omissa
1243 3173 1318 3218 vero
1339 3159 1418 3217 haec

283 3264 358 3322 sunt
380 3277 400 3322 1
421 3263 579 3336 Terentio,
602 3277 678 3322 cum
699 3264 855 3324 minutias
876 3265 961 3324 tales
982 3266 1153 3338 sperneret.

321 3372 368 3430 De
398 3369 504 3429 verbis
535 3370 658 3443 graecis
691 3386 711 3430 a
741 3371 867 3431 Donato
900 3372 940 3430 ad
971 3371 1018 3429 111
1050 3373 1078 3431 3.
1109 3372 1144 3430 11
1187 3373 1263 3446 „nir²
1299 3385 1416 3430 neme

283 3477 444 3538 obsecra’'.
467 3476 583 3536 adlatis
606 3476 754 3536 dubitant
776 3477 869 3552 docti,
887 3478 999 3536 utrum
1014 3477 1204 3537 Menandrea
1219 3478 1285 3536 sint
1300 3493 1416 3538 annon.

284 3583 447 3644 scholium
477 3584 525 3643 ita
555 3598 628 3642 sese
658 3585 769 3644 habet:
803 3581 865 3668 „spi
888 3580 1083 3670 ἑλληνισμῷε
1106 3583 1151 3658 μὴ
1183 3581 1338 3655 λιτάνευε,
1370 3582 1413 3656 μὴ

285 3686 427 3766 μάχου.”
468 3689 593 3750 Ultima
625 3705 644 3749 1
675 3689 924 3750 Lindenbroehio
956 3691 1109 3750 restituta
1130 3692 1206 3749 sunt
1228 3705 1269 3748 ex
1300 3691 1417 3751 codicis

282 3795 419 3855 lectione
462 3796 657 3870 „mumoor”.
700 3797 860 3869 suspicari
902 3797 1006 3870 possis
1042 3797 1254 3857 scholiastam
1284 3796 1418 3870 graecis·

284 3917 377 3962 mum
417 3903 530 3962 notare
563 3902 720 3976 voluisse;
756 3903 943 3977 plerumque
976 3903 1063 3963 enim
1097 3903 1308 3977 imperativus
1343 3917 1418 3961 eum

283 4009 454 4084 negatione
484 4023 539 4082 per
570 4010 812 4070 coniunctivum
837 4010 1024 4069 enuntiatur
1045 4011 1128 4083 apud
1150 4010 1292 4070 Latinos,
1328 4010 1417 4069 Tunc

284 4116 381 4190 igitur
402 4116 441 4174 de
461 4131 520 4176 suo
541 4131 657 4190 graeca
677 4115 835 4191 finxisset,
858 4118 894 4176 ut
917 4117 1081 4190 exemplar
1103 4117 1269 4176 assereret.
1301 4115 1418 4176 Obstat

284 4223 407 4298 tamem
441 4222 543 4297 credo,
580 4223 665 4296 quod
697 4224 776 4283 tune
809 4223 887 4282 illud
921 4226 966 4302 μὴ
998 4220 1107 4300 μάχου
1142 4237 1418 4297 supervacaneum
