3368 5046
814 494 872 553 114

275 681 318 739 sit
340 695 460 754 eorum,
483 680 619 752 quaein
641 679 828 741 oeconomia
848 681 1091 754 reprehensione
1109 681 1204 755 digna
1218 682 1305 740 sunt.
1325 682 1409 741 Nam

275 802 351 846 cum
381 787 415 845 in
447 787 584 860 angusto
616 787 770 860 temporis
802 787 907 860 spatio
939 787 1044 846 mulia
1073 786 1141 846 fieri
1163 788 1307 863 debeant,
1330 803 1412 862 quae

274 908 386 952 revera
415 892 526 952 eodem
553 893 707 967 temporis
736 894 903 953 momento
925 891 992 952 fieri
1013 895 1185 968 nequeunt,
1208 895 1359 969 peccatur
1379 896 1412 955 in

275 1000 488 1074 chronologia.
522 1001 617 1060 Porro
640 1015 714 1059 cum
736 1001 832 1075 poeta
852 1015 1005 1074 personas
1027 1015 1104 1059 suas
1122 1001 1153 1060 id
1169 1002 1300 1074 agentes
1316 1003 1413 1076 atque

276 1121 314 1165 ea
335 1105 468 1166 consilia
489 1107 651 1180 capientes
674 1105 780 1181 faciat,
804 1122 887 1180 quae
908 1107 994 1167 certo
1016 1106 1145 1166 fabulae
1158 1108 1228 1168 loco
1241 1109 1412 1182 aptissima

276 1214 360 1285 sunt,
382 1212 456 1271 inde
476 1227 602 1286 quoque
623 1213 855 1286 discrepantiae
876 1214 1169 1288 repugnantiaeque
1190 1215 1340 1275 oriunter.

316 1320 430 1392 ltaque
459 1303 648 1394 longissime
680 1335 699 1378 a
725 1335 801 1379 vero
823 1320 973 1379 aberrant
992 1321 1023 1395 ii,
1047 1322 1162 1394 quiex
1185 1321 1411 1382 offensionibus

275 1425 395 1484 talibus
417 1425 565 1500 efficiunt,
588 1426 776 1485 Terentium
785 1426 849 1485 illic
860 1427 1008 1486 mutasse
1020 1429 1117 1500 atque
1128 1428 1207 1488 adeo
1218 1428 1412 1502 depravasse

276 1532 441 1606 exemplar
471 1548 517 1606 gr.
558 1532 647 1593 Vitia
678 1533 765 1591 enim
794 1532 827 1590 id
857 1534 981 1607 generis
1013 1535 1193 1594 necessario
1222 1535 1367 1595 oriuntur
1395 1550 1413 1593 e

276 1639 546 1713 postulationibus
567 1639 612 1697 rei
633 1639 780 1698 scenicae
800 1639 935 1713 ideoque
954 1641 1043 1700 nulla
1064 1642 1236 1716 causaest,
1253 1642 1411 1701 curnobis
1439 1639 1446 1655 “

275 1745 526 1819 persuadeamus
567 1745 776 1805 Menandrum
819 1747 916 1819 atque
955 1747 1094 1820 reliquos
1133 1749 1246 1822 poetas
1280 1763 1411 1822 graecos

275 1853 395 1911 talibus
433 1853 604 1912 vacavisse
635 1867 738 1926 neque
769 1853 925 1913 obnoxios
958 1853 1058 1913 fuisse
1089 1854 1212 1929 legibus
1244 1855 1410 1928 universis

277 1960 392 2032 quibus
414 1975 526 2020 omnes
548 1962 662 2035 poetae
682 1962 800 2021 scenici
821 1976 931 2036 parere
951 1961 1097 2023 debeant.
