3368 5046
822 538 859 596 67

272 725 356 799 quod
377 723 553 784 Meinekius
574 723 718 782 Micionis
738 723 865 796 ingenio
887 721 1056 782 convenire
1076 723 1179 797 putat,
1202 723 1312 782 lhnius
1327 739 1356 797 p.
1368 725 1407 784 30

272 832 365 890 unice
385 832 486 891 Getae
506 830 564 890 ΠΙ.
587 831 686 890 152.
714 829 785 890 1166
806 830 913 903 probe.
946 830 1061 904 Immo,
1084 829 1113 888 si
1130 829 1354 904 fragmentum
1367 831 1407 890 ad

271 954 403 998 scenam
433 938 525 997 illam
558 936 759 996 referendum
791 937 843 1011 sit,
873 936 978 1010 magis
999 936 1168 995 convenire
1189 937 1406 997 contenderim

272 1045 440 1105 Sostratae
470 1044 606 1118 ingenio,
640 1044 749 1103 omnia
781 1043 932 1102 audacter
960 1042 1065 1103 moliri
1093 1044 1234 1117 paratae,
1263 1045 1299 1102 ut
1323 1042 1408 1102 filiae

272 1152 454 1226 opituletur.
475 1151 631 1225 Equidem
650 1150 906 1232 comparaverim
922 1151 937 1208 l
955 1151 984 1210 1.
1002 1151 1040 1208 12
1056 1151 1112 1209 aut
1125 1149 1356 1210 fortasselVl.
1369 1151 1407 1209 12

272 1259 328 1318 661
350 1259 394 1318 IV
417 1260 460 1331 1.;
486 1257 611 1318 Schoell
633 1257 767 1330 denique
787 1255 898 1315 laudat
921 1256 1021 1315 Stichi
1041 1272 1073 1316 v,
1095 1257 1163 1316 135.

312 1365 544 1440 Fragmentum
564 1364 641 1423 VIII
768 1362 883 1439 Ἔργον
907 1361 1002 1439 εὑρεῖν
1026 1367 1165 1440 συγγενῆ

451 1463 580 1542 πένητος
604 1471 686 1532 ἐστιν
711 1466 787 1532 ὀὐδὲ
812 1461 856 1541 εἷς
880 1467 942 1546 γὰρ
967 1467 1114 1544 ὁμολογεῖ

452 1576 539 1664 αὐτῷ
562 1574 722 1653 προσήκειν
745 1575 797 1638 τὸν
820 1573 973 1650 βοηθείας
995 1571 1075 1647 τινός

450 1681 598 1758 δεόμενον·
624 1683 785 1745 αἰτεῖσθαι
810 1680 872 1759 γὰρ
896 1675 967 1756 ἅμα
991 1703 1021 1744 τι
1045 1680 1203 1762 προςδοκρῖ.

272 1807 312 1850 ex
359 1791 521 1850 Menandri
569 1791 720 1865 Adelphis
765 1790 930 1864 haustum,
975 1790 1152 1848 secundum
1203 1789 1404 1864 Meinekium‚

271 1899 466 1958 Grauertum
494 1913 523 1972 p.
554 1899 620 1972 139,
650 1897 841 1956 Nencinium
869 1913 898 1970 p.
928 1899 995 1957 138.
1026 1898 1100 1970 apte
1123 1897 1275 1955 tribuitur
1295 1897 1406 1970 Getae,

271 2005 309 2063 de
340 2005 489 2065 dominae
519 2005 611 2063 iussu
642 2004 857 2078 philosophice
887 2003 1108 2064 ratiocinantis
1133 2004 1206 2077 post
1231 2004 1331 2064 1112.
1357 2005 1405 2064 55.

273 2111 439 2172 Probabile
459 2113 519 2171 hoc
542 2126 613 2169 6666
635 2110 714 2191 mihi
728 2111 863 2185 videtur,
879 2126 1078 2184 quamquam
1093 2113 1179 2170 certe
1193 2111 1406 2170 demonstrari

271 2218 390 2292 nequit,
423 2218 498 2291 quia
528 2217 618 2277 locus
646 2218 715 2292 ipse
743 2234 762 2276 a
792 2218 939 2277 Terentio
968 2218 1109 2276 omissus
1130 2217 1190 2278 661,
1231 2217 1352 2275 Verum
1372 2217 1406 2275 in

272 2325 419 2386 Stichum
437 2340 563 2398 quoque
581 2325 878 2398 optimeconvenit,
899 2325 1003 2399 „disse
1016 2325 1137 2398 Worte,
1152 2324 1255 2397 inquii
1272 2323 1404 2398 Schoell,
1511 2376 1513 2380 .

271 2431 392 2490 welche
414 2431 464 2491 bei
487 2432 607 2491 Terenz
629 2432 729 2490 kaum
752 2432 821 2490 eine
842 2431 916 2491 oder
937 2447 997 2498 nur
1018 2431 1087 2490 eine
1107 2446 1189 2504 ganz
1212 2431 1406 2489 ausserliche

270 2537 401 2598 deshalb
414 2539 496 2597 auch
507 2538 713 2600 verschieden
722 2539 912 2598 bestimmte
922 2537 1141 2611 Ankniipfung
1150 2535 1255 2596 finden
1263 2537 1405 2596 konnten

270 2645 427 2703 berirhren
442 2645 528 2703 eines
543 2644 597 2703 der
612 2645 839 2703 wesentliohen
854 2645 972 2704 Motive
986 2645 1041 2703 des
1054 2645 1192 2718 Stichus
1204 2644 1237 2702 in
1248 2644 1404 2702 welchem

271 2751 321 2809 die
347 2751 468 2810 Brdder
494 2753 577 2812 nach
605 2751 817 2825 Vergeudung
844 2752 929 2810 ihres
951 2751 1147 2824 Vermogens
1169 2751 1243 2809 dem
1263 2750 1404 2824 Antipho

272 2857 374 2916 fremd
395 2858 459 2916 und
480 2857 687 2932 gleichgdltig
707 2859 834 2916 werden
855 2873 912 2917 um
934 2859 1019 2916 dann
1039 2858 1100 2917 mit
1115 2858 1274 2916 Schatzen
1288 2857 1404 2915 wieder

269 2963 499 3038 heimgekehrt,
542 2964 643 3024 sofort
685 2964 735 3022 die
775 2964 1166 3024 verwandtschaitlichste
1206 2964 1302 3023 Liebe
1339 2964 1404 3022 und

271 3071 476 3129 Zartlichkeit
497 3071 548 3130 bei
567 3072 636 3129 ihm
658 3086 698 3129 zu
711 3069 847 3132 finden''.
868 3073 990 3131 Locum
1005 3073 1116 3130 autem
1130 3071 1405 3130 certumindicare

270 3178 458 3251 supersedit.

312 3282 387 3341 Sine
408 3283 536 3342 fabulae
556 3284 685 3344 nomine
706 3285 849 3343 servavit
872 3285 1029 3345 Stobaeus
1051 3284 1144 3358 srgm.
1166 3285 1224 3344 IX.

427 3388 505 3465 Πρὸς
528 3381 658 3450 ἅπαντα
682 3387 779 3453 δειλὸν
803 3389 816 3452 ὁ
842 3388 934 3463 πένης
958 3392 1025 3452 ἐστὶ
1049 3388 1111 3468 γαρ

427 3491 479 3556 καὶ
505 3492 628 3568 ποὶντας
651 3498 745 3558 αὑτοῦ
768 3498 972 3574 καταφρονεῖν
996 3493 1228 3572 ὑπολαμβάνει.

428 3599 441 3663 ὃ
465 3600 527 3678 γὰρ
551 3601 680 3680 μετρίως
703 3599 847 3679 προὶττονν
870 3601 1136 3680 περοτκελέοτερον

427 3703 557 3770 ἅπαντα
580 3706 723 3786 τοὶνναροὶ,
748 3708 916 3786 Λαμπρία,
942 3705 1039 3789 φέρει,

253 3802 354 3889 ¹quod
385 3817 562 3875 secundum
594 3816 751 3876 Cobetunr
783 3817 863 3877 Nov.
885 3817 971 3877 Lect.
1003 3833 1033 3890 p.
1065 3818 1103 3876 72
1128 3818 1161 3874 in
1193 3817 1273 3876 duas
1293 3817 1402 3891 partes

269 3923 514 3997 dispesoendunr
529 3924 588 3998 661,
605 3939 743 3996 quarum
753 3924 838 3997 prior
848 3924 1045 3982 sententiam
1056 3923 1238 3998 generalem
1249 3924 1400 3998 66611661,

269 4029 381 4104 altera,
412 4030 511 4088 verba
533 4045 553 4089 a
574 4030 683 4089 fabula
714 4031 825 4103 ignota
858 4030 963 4104 ducta,
996 4031 1082 4088 certe
1102 4044 1166 4089 non
1188 4044 1228 4089 ex
1249 4029 1401 4104 Adelphis

266 4137 397 4210 propter
417 4137 588 4210 Lampriae
608 4151 736 4210 nomen.
759 4138 965 4210 Quamquam
986 4152 1042 4211 pro
1064 4136 1150 4197 certo
1173 4135 1323 4194 affirmari
1344 4135 1401 4194 vix

271 4243 391 4317 potest,
406 4242 541 4302 forsitan
555 4258 669 4302 versus
684 4244 746 4303 duo
760 4244 880 4317 priores
895 4243 1049 4301 referendi
1063 4243 1128 4301 sint
1144 4243 1184 4302 ad
1198 4243 1242 4300 IV
1256 4245 1284 4302 3.
1300 4239 1399 4318 lilii,
