3368 5046
805 503 864 562 106

306 691 448 765 Denique
478 690 623 752 Donatus
654 689 752 748 verba
782 703 906 764 graeca,
940 688 1032 763 frgm.
1055 689 1127 763 XII,
1150 690 1291 766 servavit
1314 690 1354 749 ad
1374 691 1402 747 V

267 798 457 876 4.16,s10,
500 797 595 871 crite,
623 798 673 856 est
693 796 776 858 hic”.
823 788 931 867 Οὕτως
955 788 1049 866 ννῦπός
1073 794 1167 861 ἐστιν.

307 905 428 977 Operae
448 903 588 977 pretinm
610 902 690 962 duco
707 902 740 961 in
758 902 879 962 Andria
894 902 979 961 idem
993 902 1105 976 facere,
1118 903 1309 978 quodsupra
1320 919 1351 977 p.
1363 905 1401 962 70

265 1011 298 1068 in
330 1010 489 1085 Adelphis
521 1010 576 1068 ubi
608 1009 773 1069 enucleare
801 1009 937 1068 conatus
965 1024 1040 1068 sum
1064 1025 1129 1082 qua
1149 1008 1211 1068 fide
1232 1010 1402 1070 Terentius

265 1117 393 1190 singula
412 1117 576 1176 vertisset.

306 1223 596 1284 Praetermittendc
618 1224 728 1283 autem
750 1237 865 1282 censeo
888 1222 971 1296 frgm
993 1224 1008 1281 Ι
1030 1223 1062 1281 et
1083 1223 1173 1296 XIII,
1195 1224 1271 1296 quia
1284 1223 1401 1284 men'to

266 1330 404 1389 dubitari
434 1330 542 1404 potest
577 1345 618 1388 an
650 1330 690 1389 ad
723 1329 867 1388 fabulam
889 1331 971 1388 hanc
993 1328 1102 1388 referri
1124 1329 1270 1390 debeant.
1312 1330 1400 1406 Quod

237 1419 240 1432 ’
266 1437 306 1496 ad
338 1437 431 1511 frgm.
453 1437 500 1498 IX
522 1438 555 1495 et
575 1437 606 1495 X
629 1437 761 1510 adtinet,
785 1435 952 1495 fatendum
975 1437 1025 1494 est
1047 1450 1158 1496 eorum
1181 1437 1402 1498 condicionem

264 1544 365 1603 talem
388 1559 468 1619 esse,
490 1544 527 1602 ut
549 1543 628 1603 certi
653 1543 730 1602 nihil
751 1543 824 1602 inde
846 1541 928 1602 effici
949 1543 1062 1616 possit.
1084 1543 1190 1617 Frgm.
1213 1543 1324 1602 autem
1343 1543 1398 1618 III,

265 1650 319 1725 VI,
351 1651 422 1726 VII,
453 1650 540 1724 VIII,
573 1650 646 1723 XII,
678 1650 752 1709 licet
781 1650 975 1709 brevissima
995 1650 1070 1724 sint,
1092 1650 1204 1710 tamen
1226 1650 1401 1712 ostendunt

266 1758 431 1817 auctorem
444 1827 449 1840 .
470 1757 610 1816 latinum
647 1757 811 1830 exemplar
842 1772 940 1815 suum
972 1757 1123 1816 accurate
1153 1756 1300 1818 vertisse.
1351 1757 1401 1816 Ex

265 1862 456 1936 fragmentis
477 1863 584 1937 paullo
607 1863 825 1937 amplioribus,
849 1864 879 1921 ΙΙ
902 1863 935 1921 et
957 1863 1009 1937 IV,
1022 1862 1401 1936 priustotumomieeum

265 1971 315 2028 est
338 1986 356 2028 a
378 1970 536 2046 Terentio,
560 1970 697 2030 alterum
718 1971 751 2030 in
773 1970 902 2028 brevius
925 1970 1140 2029 contractum.

304 2077 328 2135 Ε
361 2076 476 2149 quibus
508 2075 710 2135 efficiendum
743 2076 868 2136 videtur
900 2076 1088 2136 Terentium
1120 2091 1234 2134 versus
1256 2075 1399 2150 singulos
1457 2097 1459 2102 ’

265 2181 453 2256 plerumque
484 2183 680 2241 adverbum
703 2184 909 2257 expressisse,
932 2182 1095 2242 interdum
1116 2197 1202 2252 vero,
1224 2182 1252 2240 si
1274 2181 1349 2255 quid
1370 2181 1399 2240 ei

265 2289 374 2348 minus
395 2289 543 2363 placeret,
566 2290 623 2348 aut
645 2290 795 2349 omisisse
815 2304 947 2363 prorsus
969 2291 1025 2349 aut
1048 2288 1297 2349 circumcidisse.
1324 2289 1400 2352 Gon·

265 2393 374 2455 firmat
395 2397 455 2456 hoc
478 2397 594 2471 Cicero,
618 2395 729 2457 defin.
752 2398 766 2455 Ι
789 2398 817 2456 2.
839 2398 867 2456 4.

305 2749 386 2810 Cum
425 2765 522 2824 supra
559 2751 782 2825 quaestionem
816 2751 977 2826 tetigerim
1010 2750 1048 2809 de
1079 2749 1287 2809 similitudine
1318 2764 1400 2823 quae

263 2856 479 2916 intercesserit
510 2857 594 2915 inter
618 2858 815 2917 Perinthiam
839 2859 1058 2931 Andriamque
1079 2857 1249 2931 Menandri,
1273 2871 1401 2916 consen·

264 2963 398 3022 taneum
437 2964 495 3037 est,
535 2965 572 3021 ut
603 2964 785 3037 fragmenta
816 2965 916 3023 etiam
949 2964 1129 3023 Perinthiae
1160 2977 1398 3036 recognoscam.

264 3069 392 3130 Etenim
413 3069 440 3127 si
462 3070 629 3143 utriusque
650 3071 777 3130 fabulae
797 3085 898 3144 paene
917 3072 1003 3130 idem
1026 3071 1253 3144 argumentum
1275 3069 1397 3142 fuisset,

264 3176 363 3235 etiam
395 3176 578 3250 fragmenta
599 3177 779 3236 Perinthiae
800 3177 1037 3251 quodammodo
1059 3178 1227 3237 convenire
1249 3176 1398 3234 deberent

263 3283 297 3341 in
317 3282 485 3342 Andriam.
528 3283 609 3343 Oum
630 3299 708 3343 vero
730 3286 882 3358 appareat
904 3285 1018 3345 maiori
1040 3284 1294 3358 fragmentorum
1315 3282 1398 3356 parti

264 3390 388 3448 certum
409 3390 516 3449 locum
540 3391 677 3449 adtribui
698 3391 754 3450 vix
775 3407 878 3466 posse,
900 3390 973 3450 inde
994 3392 1094 3449 etiam
1116 3390 1261 3464 ponderis
1281 3388 1398 3462 aliquid

265 3497 385 3555 accedit
418 3497 607 3571 sententiae,
641 3512 738 3571 supra
769 3514 797 3570 p.
831 3500 871 3557 90
908 3513 1001 3556 ame
1027 3497 1217 3571 propositae,
1243 3496 1398 3555 Andriam

265 3602 296 3660 et
328 3603 525 3662 Perinthiam
556 3618 620 3663 non
651 3605 722 3662 tam
753 3605 875 3662 similes
902 3605 985 3663 inter
1009 3619 1044 3662 se
1065 3603 1173 3678 fuisse,
1196 3603 1232 3661 ut
1255 3618 1274 3661 a
1294 3602 1398 3676 prima

267 3707 370 3768 fronte
391 3724 408 3768 e
428 3710 556 3784 prologo
579 3709 705 3770 efficias.

304 3816 410 3888 Atque
431 3817 546 3874 statim
568 3818 786 3891 fragmentum
808 3818 823 3875 Ι

442 3921 554 3992 ’Ὀσπνς
579 3921 775 4000 παραλαβὼν
809 3920 959 3995 δεσπότην
991 3918 1183 3999 ἀπράγμονα

444 4030 497 4088 καὶ
522 4036 631 4112 κνῦφνν
655 4025 805 4109 ἕξνιπννπᾷ
830 4024 984 4103 θεράπων,
1008 4028 1062 4091 οὐκ
1085 4021 1142 4090 οἶδ’
1166 4020 1185 4088 ὅ
1204 4047 1234 4088 πν

444 4127 529 4208 οὗτος
551 4133 723 4211 papauera
748 4135 813 4197 ἔστι
837 4132 1108 4213 διαπεπραγμένος

444 4239 710 4320 ε’πκβελπερώπνες
733 4241 784 4306 τόν
809 4241 879 4304 ποτ’
903 4237 1143 4317 ὅντ’νέβὲλπερνν.
