3368 5046
831 540 890 598 102

294 729 449 789 Charinus
481 741 545 786 non
574 727 646 786 tam
673 725 837 785 humiliter
861 725 1063 799 demisseque
1084 726 1200 800 ageret,
1222 727 1259 784 ut
1281 741 1356 785 eum
1376 728 1428 787 hic

293 836 449 908 videmus
472 833 556 908 quod
576 833 620 892 ibi
640 848 703 893 non
724 833 814 892 totus
836 832 994 892 obnoxius
1016 833 1084 891 erat
1096 833 1262 906 Pamphilo
1276 833 1429 909 Davoque

294 955 468 1015 eorumque
498 941 597 998 nutus
626 940 828 1014 observabat,
851 938 906 998 sed
927 939 1071 1012 ipseper
1092 953 1128 997 se
1149 939 1267 1012 aliquid
1287 939 1375 1014 loqui
1396 942 1428 1000 et

294 1048 398 1107 facere
419 1047 567 1107 audebat.
608 1046 687 1105 Vide
709 1062 740 1106 v.
761 1047 891 1106 370-4.

334 1155 372 1214 In
400 1154 540 1227 reliquie,
572 1168 655 1226 quae
685 1152 779 1226 longe
810 1152 994 1211 maximam
1025 1153 1151 1225 partem
1183 1167 1280 1212 sensu
1308 1154 1427 1228 carent,

294 1276 395 1320 unum
426 1261 519 1334 inest,
551 1259 634 1332 quod
666 1274 721 1317 cur
745 1259 793 1317 ita
814 1259 854 1318 ab
878 1260 1009 1318 auctore
1028 1259 1217 1318 institutum
1239 1260 1290 1334 sit,
1313 1275 1428 1334 perum

292 1368 402 1441 liquet.
443 1367 481 1428 V.
504 1366 589 1425 enim
611 1366 648 1425 21
672 1367 769 1437 (1002)
793 1366 944 1425 Chremes
966 1365 1059 1426 dicit:

620 1473 762 1532 Gnatam
782 1472 842 1530 tibi
863 1486 972 1530 meam
994 1472 1218 1531 Philumenam

513 1581 657 1639 Uxorem
680 1580 711 1637 et
733 1579 816 1638 dotis
838 1593 896 1638 sex
916 1578 1042 1638 talenta
1066 1579 1215 1652 spondeo.

294 1688 451 1747 Attamen
481 1686 509 1743 V
540 1688 568 1746 4.
593 1688 631 1746 47
658 1686 749 1745 alteri
780 1684 864 1744 ffliae
886 1686 996 1745 decem
1017 1685 1214 1746 talentorum
1237 1686 1294 1746 dos
1315 1687 1430 1746 consti·

294 1795 368 1852 tuta
393 1794 471 1854 erat.

335 1901 380 1961 Ut
411 1914 578 1958 summam
609 1900 734 1973 ducam,
766 1900 856 1959 totus
887 1899 939 1958 hic
959 1899 1050 1958 locus
1072 1899 1156 1972 sapit
1178 1897 1352 1974 hominem,
1375 1901 1430 1973 qui

295 2007 328 2064 in
351 2007 489 2066 Terentii
503 2007 623 2066 Andria
644 2005 770 2066 Charini
790 2006 920 2079 nuptias
931 2005 964 2064 in
976 2020 1108 2064 scenam
1118 2006 1290 2079 producere
1301 2007 1429 2080 cuperet

295 2113 492 2186 minimeque
522 2113 662 2186 speciem
692 2113 789 2172 habet
820 2113 1047 2186 catastrophae
1077 2113 1262 2172 comoediae
1284 2112 1375 2188 aliua,
1396 2114 1429 2172 in

297 2236 361 2293 qua
392 2220 519 2280 Charini
550 2221 658 2293 partes
690 2219 892 2292 aliquantum
924 2219 1146 2292 discrepabant
1175 2235 1194 2278 a
1220 2220 1429 2282 Terentiams

296 2326 380 2386 Nihil
401 2326 498 2400 igitur
518 2327 578 2386 hoc
591 2326 809 2385 additamento
821 2323 1005 2399 proficimus
1018 2326 1058 2385 ad
1069 2327 1291 2386 oeconomiam
1302 2325 1431 2386 fabulae

296 2433 413 2492 melius
434 2433 696 2507 perspiciendam.

337 2541 482 2615 Fructus,
505 2541 559 2614 qui
579 2540 703 2615 capitur
724 2555 764 2598 ex
786 2539 876 2598 exitu
896 2539 1002 2614 tertio,
1024 2555 1088 2600 non
1106 2540 1209 2600 maior
1227 2540 1286 2598 est.
1307 2540 1430 2600 Auctor

297 2647 404 2707 solum
435 2648 511 2706 ante
540 2646 649 2706 oculos
680 2646 793 2705 habuit
825 2645 969 2705 fabulam
991 2647 1218 2706 Terentianam
1241 2647 1430 2720 exitumque

298 2754 435 2813 alterum
457 2755 554 2827 atque
577 2754 790 2814 locutionibus
810 2753 884 2812 inde
905 2753 1018 2827 ductis,
1041 2754 1151 2826 paucis
1173 2754 1211 2812 de
1232 2769 1290 2814 suo
1303 2754 1428 2828 additis,

297 2861 478 2934 composuit
499 2860 673 2920 versiculos
695 2875 781 2920 suos,
806 2861 886 2919 Vide
907 2860 1085 2919 Fallhrecht
1107 2877 1136 2934 p.
1158 2862 1196 2920 32
1218 2875 1286 2934 sqq.
1308 2861 1380 2918 lam
1400 2861 1429 2919 si

296 2967 394 3026 homo
426 2966 540 3026 fuisset
570 2968 696 3042 poetica
727 2966 883 3026 facultate
914 2967 1084 3042 praeditus
1118 2983 1181 3028 non
1207 2967 1265 3026 abs
1286 2982 1321 3026 re
1341 2969 1428 3026 esset

268 3059 271 3064 ’
298 3088 457 3148 quaerere,
480 3088 562 3146 quae
582 3074 663 3133 vitia
680 3074 713 3132 in
727 3074 867 3134 Andriae
881 3075 1093 3134 Terentianae
1108 3073 1340 3149 compositione
1354 3089 1429 3133 eum

298 3180 523 3241 advertissent.
564 3181 655 3240 Nunc
686 3196 762 3242 vero
797 3196 928 3255 operam
959 3182 1073 3256 perdia,
1106 3182 1135 3240 si
1157 3197 1197 3240 ex
1218 3181 1269 3240 his
1289 3181 1428 3256 ineptiis,

297 3288 427 3363 insuper
463 3287 598 3346 minime
634 3288 758 3361 integre
788 3289 936 3363 servatis
970 3288 1088 3361 aliquid
1121 3288 1278 3348 excudere
1308 3288 1428 3362 cupias,

297 3395 381 3454 Nihil
407 3394 492 3453 inest
513 3395 546 3453 in
568 3395 674 3454 scenis
694 3395 807 3470 tribus,
830 3395 987 3469 equibus
1009 3396 1148 3470 constat,
1177 3395 1303 3470 praeter
1323 3395 1430 3454 lauda·

296 3502 420 3562 tionem
443 3502 587 3577 ineptam
610 3501 737 3562 Charini
759 3517 778 3561 a
796 3502 972 3575 Pamphilo,
988 3503 1089 3576 Dave,
1103 3503 1239 3576 denique
1253 3517 1273 3561 a
1288 3502 1427 3576 Simone,

298 3608 352 3681 qui
382 3608 499 3668 idcirco
531 3608 633 3668 denuo
664 3608 777 3682 prodit,
811 3607 943 3669 factam.
985 3609 1099 3682 ltaque
1129 3623 1193 3668 non
1220 3608 1315 3667 valde
1343 3608 1429 3666 esset

299 3714 478 3789 dolendum,
500 3715 529 3773 si
550 3715 602 3775 hic
623 3715 739 3773 tertius
762 3715 870 3774 exitus
891 3715 924 3774 in
950 3715 1058 3775 codice
1079 3715 1268 3775 delituisset.
