3368 5046
842 527 881 586 88

294 717 328 776 in
348 731 412 790 qua
432 714 510 774 nihil
524 713 778 774 desideraretur?
799 714 868 774 Hoc
883 713 993 773 Ihnius
1004 714 1052 772 ita
1063 713 1199 788 expedit,
1214 715 1250 773 ut
1262 713 1426 774 dissimilis

295 821 434 882 Andriae
453 820 555 880 oratio
577 821 609 878 et
630 819 725 878 stilus
746 821 861 894 poetae
878 821 983 894 magis
998 819 1161 894 placuerit.
1184 820 1288 886 Sedsi
1301 823 1427 895 propter

296 928 417 1002 aliquot
427 928 558 986 tantum
569 927 746 986 sententias
757 924 939 1000 figurasque
949 926 1102 986 orationis
1109 921 1233 1002 Ἀνδρία
1244 927 1427 1001 placuisset,

297 1030 445 1108 ushaista
459 1049 533 1102 vero
550 1034 678 1107 proptor
694 1033 930 1108 argumentum,
950 1033 1021 1106 quis
1038 1032 1088 1090 est
1099 1032 1175 1105 quin
1185 1033 1306 1092 sentiat
1317 1034 1428 1094 Teren·

294 1141 389 1228 tium
405 1142 488 1200 hanc
509 1155 572 1199 non
592 1139 683 1198 illam
703 1139 938 1198 translaturum
960 1138 1067 1212 fuisse,
1090 1153 1128 1197 ea
1149 1153 1224 1198 vero
1246 1139 1428 1210 condicione

295 1248 332 1306 ut
353 1262 436 1321 quae
456 1247 578 1306 maiore
597 1247 630 1304 in
652 1242 774 1324 'Aviola
795 1244 964 1305 locutionis
985 1244 1056 1304 luce
1076 1245 1221 1320 niterent,
1238 1246 1299 1304 sibi
1314 1246 1428 1305 adscis-

295 1353 403 1412 ceret?
433 1354 476 1413 At
507 1352 704 1412 contrarium
725 1350 802 1412 fecit,
821 1352 933 1424 poeta:
956 1365 1034 1410 nam
1056 1366 1138 1424 quae
1159 1352 1374 1411 convenerunt
1394 1351 1427 1410 in

295 1461 332 1520 A.
356 1475 397 1518 ex
420 1461 462 1534 P.,
486 1475 548 1519 non
571 1475 611 1518 ex
634 1461 667 1519 P.
688 1459 723 1516 in
743 1460 781 1518 A.
806 1457 982 1517 transtulit.
1005 1457 1172 1532 Conspirat
1194 1473 1269 1518 cum
1287 1459 1333 1544 eis
1347 1472 1429 1532 quae

296 1566 532 1641 disputavimus
554 1565 765 1624 Terentianus
789 1565 947 1639 prologus,
963 1564 1047 1625 unde
1062 1561 1201 1639 Ἀνδρίαν
1216 1566 1248 1624 et
1263 1560 1425 1641 Περινθίαν

294 1671 377 1730 tales
409 1672 508 1730 fuisse
538 1671 691 1730 discimus
722 1671 768 1745 ut,
801 1671 854 1744 qui
876 1671 1034 1729 utramvis
1059 1671 1146 1729 recte
1169 1672 1288 1745 nosset,
1314 1672 1427 1730 ambas

294 1779 414 1838 nosset.
436 1778 539 1853 Quid?
558 1778 750 1837 Novissetne
771 1777 871 1835 etiam
893 1777 1019 1837 Charini
1041 1791 1186 1836 amorem
1206 1777 1226 1837 i.
1250 1792 1276 1838 e.
1290 1777 1426 1836 alteram

295 1885 423 1944 fabulae
453 1885 579 1957 partem
611 1884 666 1947 (sio
697 1884 775 1944 Don.
809 1883 848 1942 ad
880 1885 920 1942 ΙΙ.
954 1885 981 1944 l.
1014 1884 1041 1944 1.
1073 1884 1108 1942 ia
1138 1883 1191 1943 iroo
1221 1885 1322 1943 altero
1345 1899 1427 1958 pars

293 1991 466 2051 ostenditur
493 1991 630 2066 fabulae,
664 1991 702 2049 de
734 1991 860 2050 Charini
892 2006 1002 2050 amore
1034 1991 1111 2049 dum
1132 1990 1290 2065 loquitur),
1313 2005 1427 2064 graeca

294 2097 414 2157 Andria
445 2097 515 2157 sola
545 2098 692 2170 perlecta,
718 2097 751 2156 in
774 2113 837 2171 qua
858 2112 932 2170 pars
953 2097 1007 2156 illa
1028 2112 1092 2156 non
1114 2097 1222 2156 errat?
1243 2097 1302 2172 Qui
1323 2098 1426 2170 potuit

296 2204 429 2277 denique
450 2205 545 2277 poeta
567 2204 669 2262 dicere
690 2205 804 2262 ambas
826 2204 957 2263 nonita
979 2203 1126 2262 dissimili
1145 2204 1332 2279 argumento
1345 2219 1423 2277 esse,

296 2311 324 2369 si
355 2311 470 2384 duplex
501 2311 534 2368 in
565 2325 638 2385 una,
669 2309 703 2368 in
735 2311 835 2368 altera
859 2311 998 2384 simplex
1020 2310 1134 2369 fuisset
1156 2311 1383 2384 argumentum
1392 2311 1426 2370 ?”

337 2419 365 2477 A
396 2418 500 2492 prima
532 2417 636 2477 fronte
666 2417 837 2476 Nencinius
868 2417 994 2475 videtur
1024 2417 1222 2477 adversarios
1252 2417 1291 2476 ad
1311 2417 1427 2476 incitas

293 2525 461 2598 redegisse.
485 2525 611 2584 Etenim
635 2525 664 2583 si
685 2525 845 2583 Perinthia
868 2525 906 2583 ab
922 2524 1041 2584 Andria
1051 2524 1278 2584 tantummodo
1291 2523 1427 2584 differret

294 2631 421 2692 Charini
441 2632 634 2706 Byrriaeque
651 2631 803 2706 personis,
825 2631 1060 2704 praetermissis
1072 2631 1291 2705 discrepantiis
1303 2631 1429 2704 quibus·

294 2739 369 2797 dam
399 2739 523 2797 levibus
553 2739 586 2797 in
611 2753 767 2811 sermone,
792 2738 901 2811 quidni
923 2737 1120 2797 Perinthiam
1140 2737 1311 2796 vertebat?
1332 2739 1427 2797 Porro

294 2845 322 2903 si
353 2846 514 2904 Perinthia
544 2846 675 2904 haberet
707 2846 814 2918 partos
845 2845 927 2919 illas,
961 2860 1040 2902 num
1061 2845 1133 2903 tam
1154 2844 1269 2902 similis
1290 2843 1428 2902 Andriae

295 2951 355 3010 dici
375 2951 503 3025 potuit?

334 3056 509 3116 Videamus
531 3057 568 3116 de
590 3060 779 3131 argumento
800 3058 911 3131 priore.
929 3058 1021 3118 Unde
1033 3057 1093 3116 sibi
1105 3058 1244 3130 sumpsit
1256 3057 1426 3115 Nenoinius

295 3164 447 3224 orationis
468 3165 596 3238 stilique
617 3165 864 3238 discrepantiam
885 3165 1016 3223 tanturn
1037 3165 1137 3222 sitam
1152 3164 1251 3223 fuisse
1261 3164 1294 3222 in
1305 3165 1428 3222 senten·

294 3271 349 3329 tiis
380 3269 575 3345 figurisque?
605 3272 656 3330 An
687 3271 833 3329 credibile
864 3271 1015 3344 cuiquam
1046 3271 1171 3330 videtur
1200 3271 1325 3330 fabulas
1347 3270 1426 3328 duas

295 3379 484 3452 argumento
505 3393 606 3451 paene
623 3378 753 3436 easdem
765 3392 836 3436 esse
847 3378 991 3450 potuisse
1003 3378 1035 3436 et
1045 3378 1273 3437 tantummodo
1285 3377 1427 3438 oratione

296 3486 327 3543 et
358 3485 432 3544 stilo
464 3485 697 3558 discrepuisse?
729 3484 798 3543 Hoc
820 3499 917 3558 nego;
939 3499 1017 3542 narn
1040 3484 1123 3558 apud
1145 3485 1266 3544 bonum
1285 3484 1424 3557 poetam,

296 3591 375 3649 artis
404 3592 490 3666 leges
512 3591 691 3665 callentem,
714 3591 816 3650 oratio
838 3591 870 3649 et
891 3591 985 3649 stilus
1008 3605 1083 3650 curn
1105 3591 1295 3664 argumento
1318 3605 1427 3649 eonve-

294 3698 387 3756 niunt
409 3699 505 3772 atque
525 3698 571 3756 illi
593 3712 734 3771 congrua
755 3698 840 3758 sunt.
871 3698 952 3758 Cum
972 3697 1070 3771 igitur
1091 3698 1193 3758 oratio
1214 3698 1371 3770 stilusque
1394 3697 1427 3755 in

296 3805 457 3865 Perinthia
479 3807 569 3864 aliter
591 3819 663 3864 sese
683 3804 836 3864 haberent
859 3820 957 3878 quam
980 3805 1011 3863 in
1035 3805 1154 3863 Andria
1175 3820 1229 3879 gr„
1248 3799 1427 3863 necessario

295 3913 368 3970 inde
399 3913 543 3985 sequitur
575 3927 626 3970 res
652 3912 685 3970 in
705 3912 842 3985 utraque
864 3911 973 3970 fabula
994 3912 1117 3970 diverse
1137 3912 1297 3971 tractatas
1319 3911 1427 3984 fuisse,

298 4010 372 4089 ἦθος
394 4019 527 4092 denique
547 4019 765 4093 discrepuisse.
803 4019 871 4094 Qua
893 4019 931 4076 de
952 4033 1051 4077 causa
1071 4019 1242 4077 Nencinius
1263 4017 1343 4077 mihi
1364 4032 1427 4076 non

295 4100 463 4199 persuasit,
496 4125 681 4184 'Parentium
713 4124 910 4183 Perinthiam
942 4137 1111 4181 versurum
1140 4121 1247 4196 fuisse,
1270 4121 1298 4180 si
1319 4121 1427 4180 fabula

294 4230 350 4290 illa
371 4231 497 4292 Charini
517 4231 711 4304 Byrriaeque
731 4246 882 4306 personas
904 4231 1080 4291 habuisset.
