3368 5046
816 512 856 570 98

758 749 866 812 Garun
888 753 915 811 3.

577 938 624 996 Da
645 952 743 996 nxnu
763 951 889 996 Adrano
910 951 948 994 rr
969 951 1093 999 rernm.
1142 955 1144 962 ·

311 1304 382 1364 Non
402 1303 482 1362 mihi
501 1303 535 1361 in
546 1303 653 1362 animo
666 1303 715 1360 est
727 1302 804 1360 data
815 1316 910 1375 opera
921 1316 1079 1376 quaerere,
1093 1301 1207 1375 quibus
1220 1304 1403 1364 auctoribus

271 1411 304 1470 hi
332 1411 439 1470 exitus
461 1409 635 1469 debeantur
656 1410 712 1468 aut
733 1423 796 1481 quo
817 1409 962 1482 tempore
983 1410 1153 1482 compositi
1173 1410 1248 1471 sint.
1272 1407 1291 1482 ¹)
1332 1411 1404 1470 Hae

270 1532 322 1576 res
354 1517 476 1578 alienae
504 1517 580 1574 sunt
606 1517 645 1574 ab
668 1515 867 1588 argumento,
890 1515 974 1588 quod
993 1515 1135 1575 tractare
1154 1517 1235 1576 mihi
1254 1519 1403 1592 proposui

272 1625 369 1698 atque
395 1624 523 1697 insuper
549 1623 651 1681 tantis
676 1620 916 1712 difficultatibus
937 1622 1119 1697 impeditae,
1141 1624 1178 1682 ut
1198 1624 1255 1682 vix
1277 1639 1404 1698 sperare

271 1731 351 1790 mihi
389 1731 486 1789 liceat
528 1730 601 1803 post
643 1729 813 1788 conamina
844 1729 894 1788 tot
926 1729 1093 1789 doctorum
1125 1730 1200 1789 novi
1231 1731 1403 1804 quicquam

272 1837 432 1910 simulque
462 1837 529 1895 veri
561 1836 665 1909 magis
687 1835 793 1894 simile
813 1849 867 1894 me
887 1835 1095 1894 inventurum
1117 1850 1197 1896 esse.
1239 1837 1276 1895 id
1297 1838 1402 1898 solum

271 1944 415 2018 spectavi
444 1944 478 2001 in
508 1943 568 2002 hoc
599 1943 712 2016 capite,
745 1943 781 2002 ut
806 1942 965 2015 quantum
985 1957 1124 2018 possem,
1147 1958 1299 2019 eruerem,
1322 1960 1404 2017 quae

272 2050 495 2110 oeconomiam
515 2049 722 2108 illustrarent.

279 2162 282 2168 ’
312 2158 522 2229 Nequaquam
539 2157 651 2214 tamen
663 2155 766 2214 facere
780 2169 913 2228 possum
927 2156 1003 2228 quin
1019 2156 1056 2214 de
1070 2157 1130 2216 hoc
1144 2157 1282 2216 breviter
1297 2173 1402 2231 agam,

273 2280 313 2322 an
345 2263 513 2323 Terentius
543 2263 620 2337 ipse,
650 2277 725 2320 cum
747 2261 873 2320 fabulae
895 2262 963 2320 eius
983 2262 1103 2321 iterum
1124 2278 1239 2322 scenae
1259 2265 1404 2324 commit·

269 2371 422 2445 terentur,
455 2385 510 2429 eas
543 2369 668 2428 auxerit
699 2383 782 2428 novo
814 2368 1002 2442 diversoque
1031 2367 1103 2430 fine.
1146 2371 1179 2429 Si
1209 2372 1269 2430 hoc
1290 2387 1404 2430 verum

272 2493 344 2536 esse
362 2477 526 2551 evincitur,
542 2476 701 2550 quantum
715 2473 899 2548 proficimus
915 2475 954 2534 ad
969 2477 1206 2549 cognoscendas
1220 2478 1405 2551 perspicien-

272 2584 393 2657 dasque
413 2583 563 2656 rationes
587 2582 702 2655 quibus
718 2582 814 2655 poeta
828 2596 907 2640 usus
922 2582 964 2640 sit
978 2582 1012 2641 in
1026 2584 1198 2643 comoediis
1213 2585 1403 2658 pangendis!

276 2667 278 2676 ¹
316 2690 363 2750 W.
400 2690 577 2764 Wuqnerus
608 2689 734 2748 exitum
757 2688 895 2747 alterum
917 2689 1064 2750 Terentio
1085 2691 1148 2764 ipsi
1170 2691 1313 2749 debitum
1335 2706 1405 2750 esse

272 2797 443 2871 contendit,
476 2811 552 2855 cunr
578 2796 763 2855 Bitscheiiue
794 2797 1022 2857 tantummodo
1046 2798 1185 2871 negavit,
1212 2798 1405 2872 quicumque

271 2904 422 2964 idoneum
449 2918 547 2962 usum
573 2903 771 2962 comicorum
794 2903 934 2974 haberet,
958 2918 1032 2961 eum
1053 2917 1148 2977 posse
1168 2903 1219 2962 vel
1240 2904 1404 2963 tantillum

273 3011 426 3084 dubitare,
449 3010 525 3083 quin
545 3010 578 3068 in
599 3010 682 3069 bono
705 3010 736 3067 et
759 3009 890 3082 antiquo
911 3010 1234 3084 poetaversaremur3
1249 3012 1303 3084 ,ut
1319 3012 1405 3100 enirn

272 3117 349 3196 nihil
380 3117 422 3174 sit
453 3117 486 3175 in
516 3117 589 3175 istis
619 3117 774 3190 versibus
807 3116 889 3189 quod
923 3117 1070 3176 Terentio
1102 3117 1258 3177 Plautove
1277 3132 1341 3177 non
1362 3118 1404 3176 sit

273 3225 413 3298 dignum,
425 3223 472 3282 ita
483 3237 523 3281 ne
534 3238 596 3282 uno
609 3223 736 3295 quidem
748 3222 896 3295 exemplo
907 3222 1032 3281 ostendi
1042 3237 1145 3298 posse,
1157 3224 1240 3283 tales
1248 3239 1405 3298 umquam

272 3344 385 3388 versus
427 3345 447 3388 a
487 3328 670 3402 posterioris
712 3328 830 3388 aetatis
871 3329 1001 3388 homine
1042 3330 1145 3390 factos
1186 3331 1286 3392 esse''.
1326 3332 1406 3406 Vide

273 3439 411 3510 Parerga
431 3453 461 3511 p.
483 3437 551 3496 544.

312 3544 493 3617 Wagnerus
524 3543 704 3617 opinionem
732 3557 828 3600 suam
854 3542 963 3602 fulcire
984 3543 1093 3602 studet
1114 3544 1147 3602 in
1167 3545 1251 3603 hunc
1271 3544 1405 3604 modum

272 3651 305 3708 in
337 3651 383 3710 ed.
416 3651 507 3710 Cant.
539 3665 568 3722 p.
597 3651 665 3709 303.
709 3649 775 3722 ,Its
797 3650 908 3724 metre,
932 3651 1070 3724 prosody
1092 3652 1153 3709 and
1173 3651 1332 3725 language
1353 3667 1406 3710 are

274 3757 353 3815 such
368 3771 404 3815 as
415 3757 471 3816 not
481 3757 516 3815 to
527 3753 674 3829 preclude
684 3756 740 3814 the
751 3757 981 3831 presumption,
994 3758 1067 3816 that
1080 3759 1219 3817 Terence
1228 3758 1362 3817 himself
1378 3759 1406 3817 is

271 3863 329 3922 the
356 3864 471 3922 author
498 3862 534 3923 oi
557 3863 623 3921 this
651 3877 754 3922 scene.
796 3863 826 3921 it
853 3863 882 3922 is
910 3864 967 3923 not
989 3864 1139 3939 uniikely,
1160 3866 1233 3924 that
1255 3881 1304 3924 we
1324 3867 1407 3924 have

307 4045 329 4113 1)
347 4047 391 4102 De
407 4048 454 4102 his
473 4048 597 4115 egerunt
613 4046 725 4102 Ritschl
744 4045 870 4115 Parerga
888 4063 916 4116 p.
935 4048 988 4102 580
1005 4063 1077 4116 sqq..
1086 4049 1225 4106 Dziaizko
1234 4049 1306 4105 Mus.
1315 4049 1409 4105 Rhen.

270 4135 334 4192 Vol.
352 4135 428 4191 XXI
445 4151 473 4205 p.
492 4137 537 4203 65,
555 4137 653 4191 Braun
671 4151 698 4205 p.
719 4137 753 4191 13
772 4151 843 4207 sqq,
862 4136 987 4193 Greiield
1007 4152 1035 4206 p.
1053 4138 1089 4193 34
1106 4153 1167 4206 sqq.
1186 4139 1232 4194 Fr.
1248 4138 1409 4194 Falbrechi.

272 4225 315 4305 De
332 4226 419 4281 tertio
438 4226 564 4280 Andriae
585 4226 675 4295 exitu,
693 4225 811 4294 passim.
