3386 5046
831 521 870 579 35

322 708 408 768 Nam
438 709 493 767 ubi
524 708 666 782 primum
698 721 798 765 senex
831 707 863 764 in
890 721 1022 765 scenam
1048 707 1198 780 procedit,
1231 707 1419 781 1113.4,e

285 816 357 889 syri
387 815 493 873 verbis
526 831 556 875 1.
589 816 647 874 455
673 829 741 887 sqq.
764 813 977 874 manifestum
998 811 1035 871 fit
1057 828 1131 872 eum
1154 813 1255 872 luisse
1276 813 1418 875 amicum

284 922 585 982 coniunctissimum
608 920 731 994 Simuli,
756 920 807 993 qui
831 920 971 979 moriens
994 919 1152 978 familiam
1174 935 1269 978 suam
1292 921 1418 979 0100111-

283 1009 503 1088 mondaverat.

323 1136 377 1196 Ge.
406 1137 444 1194 In
465 1137 499 1194 te
519 1151 593 1209 spes
615 1135 730 1208 omnis,
754 1133 865 1208 Hegio,
887 1134 979 1193 nobis
1001 1133 1113 1193 sitast:

405 1243 451 1301 'ie
471 1243 578 1302 solum
599 1242 767 1314 habemus
790 1241 827 1298 tu
849 1255 883 1298 es
905 1241 1069 1314 patronus,
1091 1242 1128 1299 tu
1149 1241 1256 1314 pater:

403 1348 540 1407 llletibi
561 1349 702 1408 moriens
724 1362 783 1407 nos
805 1347 1046 1406 commendavit
1071 1362 1184 1408 senex:

405 1456 437 1514 Si
458 1454 577 1512 deseris
598 1455 644 1527 tu,
667 1455 831 1528 periimus.
853 1454 912 1514 He.
935 1454 1021 1513 Ceus
1041 1454 1175 1514 dixeris:

402 1562 512 1634 Neque
533 1561 651 1620 faciam
672 1575 775 1634 neque
796 1576 850 1619 me
870 1561 952 1620 satis
970 1561 1020 1634 pie
1040 1575 1135 1634 posse
1156 1561 1300 1620 arbitror.

322 1670 399 1742 Agit
431 1669 541 1727 deinde
569 1684 644 1726 cum
666 1669 795 1741 Demea,
819 1668 873 1740 qui
895 1668 1063 1727 commode
1080 1668 1316 1741 supervenerat,
1340 1683 1414 1725 eum

283 1777 393 1836 monet
415 1777 447 1834 et
469 1776 659 1848 obtestatur,
683 1776 719 1833 ut
740 1775 891 1833 iniuriam
914 1775 1028 1848 virgini
1038 1774 1164 1834 illatam
1176 1775 1323 1847 corrigat.
1345 1774 1415 1833 Non

282 1883 383 1942 obiter
414 1896 516 1955 neque
548 1882 731 1940 dubitanter
762 1883 822 1940 hoo
856 1881 941 1954 lacit,
972 1881 1028 1938 sed
1049 1882 1233 1940 commotus
1256 1882 1353 1953 atque
1374 1896 1414 1939 ex

282 1989 382 2047 animi
403 1989 572 2062 sententia,
598 1989 645 2046 ita
666 1989 809 2062 denique,
832 1989 868 2046 ut
889 2003 1002 2046 verum
1025 2002 1096 2045 esse
1114 1989 1316 2061 agnoscatur,
1332 1989 1415 2060 quod

282 2095 358 2154 dicit
378 2111 409 2156 v.
431 2097 490 2154 489
512 2111 580 2169 sqq.

302 2201 360 2260 He.
382 2202 477 2261 Illaec
498 2201 595 2260 fidem
616 2217 700 2260 nunc
722 2203 870 2261 vostram
891 2201 1050 2276 implorat,
1074 2202 1202 2275 Demea,

382 2309 470 2383 Quod
491 2310 541 2367 ius
563 2324 622 2368 vos
644 2309 738 2382 cogit,
762 2309 793 2366 id
816 2308 985 2367 voluntate
1006 2309 1153 2382 inpetrat.

381 2415 469 2474 Haec
491 2416 631 2488 primum
653 2416 689 2474 ut
711 2413 792 2474 fiant
814 2415 889 2474 deos
912 2431 1031 2488 quaeso
1054 2416 1090 2473 ut
1112 2416 1204 2475 vobis
1227 2416 1325 2475 decet.

382 2522 436 2580 Sin
466 2522 559 2581 aliter
580 2523 708 2581 animus
731 2523 840 2582 voster
862 2523 920 2596 est,
944 2537 1010 2596 ego,
1033 2523 1162 2596 Demea,

381 2630 518 2686 Summa
538 2630 571 2687 11
593 2630 762 2688 defendam
783 2630 866 2687 hano
888 2630 985 2701 atque
1004 2629 1096 2687 illum
1118 2630 1291 2688 mortuom.

280 2750 310 2794 1.
332 2737 389 2794 497
412 2750 480 2808 sqq.
503 2737 700 2810 Quapropter
721 2737 814 2809 nitar,
839 2735 966 2809 faciam,
990 2737 1142 2809 experiar,
1166 2736 1299 2808 denique

499 2844 653 2901 Animam
675 2843 853 2916 relinquam
876 2842 983 2915 potius
1005 2858 1104 2914 quarn
1125 2842 1197 2900 illas
1219 2843 1374 2903 deseram.

319 2949 497 3022 Postquam
514 2950 654 3008 Demeae
665 2965 796 3009 omnem
807 2965 876 3007 rem
888 2949 1020 3023 aperuit,
1034 2950 1216 3008 Sostratam
1229 2950 1412 3008 consolatur

279 3056 376 3128 atque
396 3056 565 3129 promittit,
588 3071 624 3114 se
645 3057 808 3115 aditurum
831 3071 902 3114 esse
922 3055 1099 3129 Micionem,
1123 3057 1160 3113 ut
1181 3058 1265 3114 hunc
1287 3072 1413 3130 quoque

278 3161 372 3220 officii
393 3162 575 3222 admoneat.

318 3269 370 3328 IV.
393 3271 420 3328 3.
442 3269 522 3327 redit
544 3270 582 3328 de
604 3269 670 3329 foro
692 3285 766 3328 cum
788 3270 928 3342 Micione,
946 3270 996 3327 cui
1014 3270 1182 3343 persuasit,
1195 3271 1411 3342 utpeccatum

277 3390 298 3434 a
329 3375 452 3434 familia
484 3391 543 3434 sua
576 3377 684 3435 ortum
706 3377 853 3450 corrigat.
876 3378 913 3434 ln
934 3378 994 3435 hac
1016 3391 1142 3449 quoque
1163 3391 1260 3434 scena
1281 3377 1409 3434 evidens

276 3483 336 3555 est,
348 3484 470 3554 quanta
482 3498 558 3541 cura
571 3484 667 3556 atque
679 3483 842 3556 diligentia
853 3484 980 3556 patroni
991 3498 1123 3541 munere
1135 3483 1235 3556 Hegio
1248 3482 1409 3556 fungatur.

281 3648 283 3651 .
316 3589 457 3662 Denique
487 3605 508 3646 1
540 3591 599 3648 946
627 3605 687 3663 sqq
712 3591 744 3648 et
766 3591 823 3650 951
848 3591 879 3648 et
902 3591 992 3650 Micio
1016 3591 1047 3647 et
1070 3590 1191 3647 Demea
1212 3587 1408 3663 profitentur,

277 3696 389 3768 quanti
410 3695 529 3754 faciant
551 3697 657 3754 11111111
670 3694 700 3767 ll:

311 3966 332 4036 1)
369 3957 536 4024 Cavendum
573 3972 627 4040 cst,
663 3985 701 4026 ne
738 3971 844 4038 aliquid
881 3972 992 4025 tribuae
1019 3986 1037 4022 1
1064 3972 1125 4033 932,
1154 3970 1203 4025 ubi
1231 3971 1363 4026 Sostrata
1394 3987 1411 4026 a

272 4057 381 4113 Demea
399 4059 460 4113 sola
478 4060 590 4114 dicltur.
608 4060 652 4114 Ibi
671 4061 718 4114 ille
736 4061 791 4115 hoc
811 4062 926 4114 tantum
946 4061 1053 4128 studet,
1073 4061 1107 4113 ut
1127 4059 1277 4114 Micionem
1293 4061 1411 4115 inducat

272 4153 307 4200 ut
324 4147 488 4202 Sostratam
507 4163 629 4203 uxorem
648 4151 749 4217 ducat,
770 4149 832 4205 elus
853 4152 923 4204 tunc
940 4150 1080 4203 intererat
1098 4148 1297 4204 mulierculam
1317 4143 1409 4205 solam

270 4237 335 4291 sine
353 4237 493 4304 praesidio
511 4237 629 4304 fingere.
