3386 5046
814 566 832 622 9

260 753 448 828 ,accuratus
471 751 580 824 lector,
605 766 683 809 num
710 765 765 824 pro
787 751 958 810 Menandro
979 751 1149 825 legendum
1171 753 1214 810 sit
1235 752 1389 825 Diphilus,

260 860 369 934 „Certe
392 859 443 916 vel
464 858 536 917 tota
557 857 722 917 comoedia
743 858 794 917 vel
816 873 890 931 pars
912 859 1007 916 istius
1030 859 1210 933 fragmenti,
1234 860 1317 932 quod
1338 860 1390 918 hic

259 967 445 1041 ,tractatur,
486 965 525 1023 ad
564 965 698 1024 verbum
731 980 748 1023 e
779 965 903 1038 Diphilo
935 965 1096 1024 translata
1126 967 1185 1027 est.
1233 967 1284 1025 Ita
1315 982 1390 1024 cum

258 1073 392 1147 „Diphili
413 1072 578 1132 comoedia
601 1088 620 1131 a
641 1073 879 1131 commoriendo
894 1088 1012 1131 nomen
1026 1074 1145 1131 habeat
1167 1074 1254 1132 etthi
1266 1074 1390 1132 dicatur

258 1180 461 1255 „adolescens
481 1178 564 1238 mori
584 1178 734 1252 voluisse,
758 1178 841 1250 quod
863 1180 1032 1238 Terentius
1054 1181 1086 1238 in
1104 1181 1215 1254 supere
1237 1181 1388 1253 mutavit,

259 1287 406 1360 ,omnino
429 1286 575 1358 adducor,
599 1301 670 1344 earn
692 1285 911 1345 imitationem
934 1286 1097 1360 aDiphilo,
1110 1287 1388 1346 nouaMenandro

259 1381 441 1467 ,mutatam
474 1407 545 1450 esse
577 1393 608 1450 et
640 1407 680 1450 ex
713 1407 749 1450 eo
781 1393 1010 1452 commoriendi
1042 1408 1117 1452 cum
1149 1393 1253 1466 puella
1282 1393 1389 1452 studio

258 1494 579 1572 ,consectatorem
600 1513 718 1556 nomen
741 1493 868 1556 fabulae
888 1492 1026 1550 inditum
1049 1492 1149 1550 esse’'.

296 1605 488 1678 chuguant
509 1605 623 1677 poetae
643 1605 741 1661 verba
762 1603 794 1662 in
816 1617 836 1658 v
861 1600 895 1658 11
919 1599 1052 1673 prologi,
1075 1599 1190 1671 quihus
1212 1597 1332 1656 indicat
1354 1611 1389 1654 se

256 1712 333 1771 nihil
365 1713 513 1770 mutasse
542 1711 575 1768 in
607 1710 767 1784 DiphileiS,
801 1723 875 1766 cum
907 1706 1023 1764 Nannii
1055 1705 1237 1764 coniectura
1262 1704 1389 1776 recepta

257 1819 453 1878 contrarium
475 1817 686 1876 statuendum
707 1818 759 1876 sit.
1210 1785 1213 1804 ¹

296 1927 443 1986 Alterum
476 1925 633 1984 scholium
666 1925 884 1983 Donatianum
917 1922 965 1979 est
999 1921 1038 1978 ad
1071 1920 1111 1979 11.
1135 1921 1161 1978 l.
1191 1920 1229 1977 45
1259 1918 1388 1988 (v199i,

257 2033 339 2106 quod
371 2033 473 2106 primo
507 2033 623 2091 obtutu
655 2031 822 2090 ostendere
853 2029 978 2087 videtur
1009 2029 1094 2086 hunc
1126 2040 1251 2098 quoque
1282 2025 1389 2084 locum

256 2114 435 2212 Menandro,
459 2154 523 2198 non
545 2137 669 2210 Diphilo
692 2138 806 2196 deberi.
836 2137 919 2195 Tam
940 2135 1046 2193 lacera
1064 2149 1139 2192 vero
1163 2134 1231 2191 eius
1247 2132 1389 2191 condicio

257 2248 314 2317 est,
337 2248 374 2304 ut
395 2237 472 2304 n'ihil
494 2246 566 2304 tuto
587 2245 661 2303 inde
682 2243 761 2302 effici
783 2244 894 2318 possit,
919 2242 952 2300 es
970 2259 998 2314 p.
1021 2243 1069 2300 66.

294 2354 398 2412 Unica
419 2367 479 2424 res,
503 2367 567 2424 qua
578 2353 713 2410 nitimur
723 2353 756 2410 in
767 2352 826 2410 hac
843 2349 1072 2422 disquisitione,
1089 2347 1147 2420 est,
1165 2346 1247 2418 quod
1263 2346 1390 2402 scenas

256 2460 426 2518 Menandro
466 2459 607 2518 debetur.
648 2459 693 2518 Ut
723 2459 762 2516 ad
791 2459 915 2516 certum
942 2456 1040 2528 igitur
1069 2455 1166 2525 atque
1193 2451 1389 2524 prohabilem

256 2567 494 2626 conclusionem
515 2566 750 2639 perveniamus,
773 2566 832 2623 hoc
853 2564 945 2623 nobis
967 2561 1141 2620 tenendum
1153 2559 1212 2631 est,
1228 2558 1291 2631 illa,
1308 2572 1390 2630 quae

214 2751 216 2755 ,
256 2675 288 2732 in
310 2674 340 2732 ΙΙ
363 2675 380 2732 2
400 2674 430 2732 01
446 2675 464 2732 3
481 2674 645 2730 artissimo
661 2673 788 2731 vinculo
803 2687 877 2729 cum
893 2685 990 2728 scena
1004 2670 1023 2727 4
1038 2670 1135 2740 atque
1150 2681 1224 2724 cunr
1240 2665 1388 2722 universo

257 2779 384 2840 fabulae
413 2781 603 2854 argumento
630 2780 801 2839 coniuncta
822 2779 896 2845 sint,
918 2775 1090 2835 Menandro
1111 2772 1280 2831 tribuenda
1302 2785 1388 2841 esse;

256 2903 333 2946 nam
361 2902 476 2960 parum
501 2885 663 2960 probabile
685 2887 734 2944 est
755 2884 871 2957 Diphili
893 2885 990 2956 atque
1011 2881 1173 2940 Menandri
1196 2878 1321 2937 fabulas
1342 2879 1390 2935 ita

256 2994 378 3052 similes
421 2994 528 3066 fuisse,
571 2995 607 3051 ut
646 2993 736 3066 parvi
774 2992 905 3049 referret
937 2990 1020 3048 unde
1051 2990 1146 3062 poeta
1177 2987 1298 3046 latinus
1330 3001 1390 3043 sua

256 3101 475 3172 mutuaretur;
516 3101 685 3160 Terentius
725 3100 810 3157 certe
848 3112 911 3157 non
948 3097 1111 3156 omisisset
1145 3094 1390 3152 similitudinem

255 3210 375 3281 notare,
400 3209 435 3265 ut
457 3208 490 3266 in
512 3207 651 3265 Andriae
671 3206 801 3280 prologo
821 3202 929 3268 secit.¹i

297 3315 367 3373 larn
397 3315 574 3383 videamus,
605 3315 715 3371 utrum
740 3314 773 3372 in
796 3313 900 3370 scenis
923 3313 940 3370 2
964 3313 995 3369 01
1017 3313 1035 3368 3
1057 3310 1252 3382 comparatis
1275 3311 1390 3367 cumi

257 3420 366 3494 insint,
389 3435 472 3493 quae
491 3421 655 3478 internum
678 3435 788 3478 earum
811 3433 993 3478 connexum
1016 3417 1197 3476 ostendant.

297 3528 333 3584 In
355 3529 383 3586 4.
409 3529 434 3586 l.
457 3542 525 3600 sqq.
548 3529 627 3585 haec
649 3527 813 3599 leguntur:
942 3507 945 3514 ⁴

256 3635 312 3692 Ae.
333 3634 429 3693 Ubist
444 3633 497 3692 ille
513 3634 712 3706 sacrilegus?
728 3633 778 3692 Sa.
794 3634 843 3692 Me
854 3633 988 3706 quaerit.
999 3647 1079 3690 num
1095 3631 1169 3703 quid
1180 3644 1257 3688 nam
1270 3629 1391 3688 ecfert?

298 3740 412 3800 occidi:

257 3847 307 3906 Nil
329 3847 430 3906 video.
472 3848 528 3906 Ae.
570 3848 671 3906 Ehem
694 3849 885 3921 opportune:
907 3847 941 3903 te
962 3847 1068 3918 ipsum
1091 3858 1224 3917 quaero:
1248 3842 1322 3916 quid
1344 3841 1388 3914 iit,

298 3953 471 4026 Ctesipho?

201 4155 204 4160 i
291 4099 312 4166 ¹)
360 4103 618 4158 Commorientium
654 4104 862 4170 argumentum
890 4102 1007 4156 omnino
1034 4100 1202 4166 ignoramus
1230 4097 1393 4165 fragmento

255 4205 358 4257 graeco
377 4191 456 4246 nullo
475 4193 686 4260 suppeditante,
706 4192 796 4246 latino
816 4192 916 4246 unico:
936 4189 1100 4244 Priscianus
1120 4189 1141 4242 1.
1162 4188 1214 4241 280
1228 4187 1351 4257 „Saliam
1364 4187 1393 4239 in

256 4281 378 4348 puteum
396 4282 570 4350 praeeipes''.
