3368 5046
794 487 889 586 ΧΠ.

322 719 361 784 ln
385 718 531 784 Terentii
555 716 684 782 Andria
707 735 739 782 v.
765 717 840 782 998.

563 859 618 925 Pa.
667 859 775 942 Quom
797 858 840 924 ad
864 877 943 924 eum
966 862 1000 924 te
1023 859 1252 940 adplicaveria

411 1003 573 1070 Studium
596 1001 716 1068 exinde
741 1006 781 1066 ut
804 1002 877 1084 erit,
902 1003 979 1067 tute
1002 1003 1253 1069 existimaveris.

279 1146 409 1212 malim:
434 1146 687 1213 existimabatis.

799 1394 878 1460 XV.

323 1592 388 1657 Cio.
413 1592 454 1657 de
478 1592 569 1657 Orat.
594 1591 644 1656 ΠΙ
668 1591 720 1656 13.
745 1591 797 1656 48.
823 1590 1078 1656 Praetereamus
1100 1591 1206 1672 igitur
1225 1593 1402 1670 praecepte

278 1735 399 1800 Latine
422 1735 588 1816 loquendi,
614 1752 701 1815 quae
723 1734 861 1815 puerilis
885 1734 1037 1799 doctrina
1060 1734 1164 1799 tradit
1187 1736 1222 1799 et
1247 1734 1403 1799 subtilior

277 1878 423 1960 cognitio
446 1896 485 1944 ae
512 1878 598 1944 ratio
621 1878 813 1944 litterarum
837 1879 898 1943 alit
920 1881 980 1943 aut
1002 1877 1213 1943 consuetudo
1238 1878 1402 1942 sermonis

278 2021 437 2087 cotidiani
467 2038 505 2086 ac
535 2020 720 2104 domestici,
746 2020 819 2085 libri
842 2021 1043 2086 confirmant
1067 2023 1102 2085 et
1125 2020 1223 2086 lectio
1246 2025 1401 2086 veterum

278 2168 450 2231 oratorum
472 2167 508 2230 et
530 2168 716 2246 poetarum.

322 2307 386 2374 Pro
409 2311 469 2375 uui
491 2309 669 2390 legendum
692 2312 746 2374 est
769 2313 875 2391 aurat.

796 2611 890 2676 XVI.

323 2806 389 2872 Cio.
421 2807 461 2871 de
490 2808 582 2873 Orat.
607 2807 655 2872 ΙΙΙ
679 2808 731 2873 48.
759 2807 832 2872 184.
857 2807 1004 2873 Liberior
1027 2812 1081 2873 eet
1104 2808 1211 2873 oratio
1235 2812 1271 2873 et
1293 2808 1400 2890 plane,

279 2952 318 3013 ut
348 2949 480 3032 dieitur,
514 2950 561 3014 sio
584 2954 638 3015 est
663 2967 739 3015 vera
763 2951 885 3032 soluta,
910 2968 977 3015 nou
1002 2954 1043 3015 ut
1065 2952 1179 3033 fuyiut
1201 2955 1317 3016 tamen
1340 2955 1402 3016 aut

278 3094 374 3174 erret,
400 3093 457 3157 sed
482 3095 523 3156 ut
547 3093 618 3158 sine
642 3093 787 3158 vinculis
811 3092 970 3174 sibiipsa
993 3094 1194 3159 moderetur.

322 3235 455 3300 Malim:
480 3235 573 3316 fluat.

785 3469 896 3534 XVII.

323 3664 439 3746 Quini.
464 3665 505 3731 IL
532 3665 583 3730 18.
610 3665 639 3730 1.
672 3664 758 3731 Cum
782 3666 853 3731 sint
875 3669 992 3731 autem
1015 3667 1141 3732 artium
1165 3667 1249 3732 aliae
1272 3666 1402 3748 positae

278 3806 312 3872 iu
343 3807 551 3888 inspectione
587 3829 641 3890 -;
673 3809 757 3873 aliae
788 3810 823 3873 in
853 3810 990 3892 agendo,
1015 3811 1216 3890 quarumin
1240 3810 1403 3875 hortinis

278 3951 332 4015 est
354 3954 384 4015 et
419 3950 491 4031 ipso
526 3952 606 4016 aotu
641 3951 812 4032 perficitur
846 3953 996 4034 nihilque
1031 3957 1108 4034 post
1143 3957 1258 4018 aetum
1293 3953 1403 4034 operis

277 4092 439 4173 relinquit
462 4111 491 4159 e.
505 4111 535 4174 q.
550 4112 577 4159 a.

322 4235 517 4318 Legendum
541 4254 660 4302 censeo
684 4239 781 4317 quod.
