3368 5046
805 537 843 596 97

258 738 385 798 quoque
413 721 540 782 additus
570 723 628 797 eet,
654 737 695 780 ne
716 721 899 796 Glycerium
920 721 1029 795 spreta
1049 721 1274 796 relinquatur?
1294 725 1393 787 Lucu·

257 831 346 889 lenta
376 843 456 890 sane
485 829 568 888 ratio
601 827 634 887 et
665 828 847 902 probabilis.
881 828 1007 887 Scilicet
1038 828 1157 889 timore
1184 832 1392 915 exagitantur
1424 852 1427 857 ·

258 936 456 1011 spectatores
488 937 520 994 et
554 935 719 994 anxietate
751 935 790 994 de
816 949 854 993 ea
881 934 1012 1010 uirgine,
1043 950 1126 1010 quae
1151 951 1255 1010 neque
1282 954 1393 999 amare

259 1043 462 1117 Pamphilum
490 1043 648 1116 narratur,
677 1057 744 1116 nec,
765 1041 886 1114 absque
910 1041 1046 1101 Charino
1069 1044 1163 1117 asset,
1188 1059 1207 1102 a
1228 1059 1391 1118 quoquam

259 1151 431 1209 amaretur.
460 1149 587 1209 Scimus
615 1148 726 1208 antem
753 1162 846 1222 nunc,
877 1147 1277 1224 Heautontimorumenon,
1308 1167 1392 1226 quae

259 1257 298 1316 ad
318 1258 403 1316 hunc
422 1255 507 1315 diem
517 1271 573 1330 pro
588 1255 754 1316 comoedia
768 1255 956 1330 habebatur,
972 1269 1083 1314 revera
1098 1270 1170 1314 esse
1179 1257 1389 1334 tragoediam,

258 1364 365 1423 exitus
397 1364 483 1422 certe
512 1358 733 1438 τραγικώτερος
765 1361 823 1436 est,
857 1361 932 1434 quia
954 1361 1175 1422 Phanocratae
1195 1361 1260 1422 fllia
1281 1366 1391 1438 spreta

257 1470 454 1543 relinquitur.
484 1469 553 1529 Hoc
579 1482 706 1541 quoque
732 1482 855 1528 novum
879 1481 964 1527 nunc
985 1467 1064 1526 disci
1085 1467 1200 1542 potest,
1224 1469 1389 1531 Romanos

255 1577 327 1635 tam
355 1577 498 1636 humano
527 1576 558 1633 et
586 1574 676 1634 molli
704 1574 812 1634 animo
841 1573 949 1648 fuisse,
979 1574 1015 1632 ut
1044 1574 1127 1647 quod
1155 1574 1267 1634 Graeci
1289 1591 1389 1650 aequo

258 1683 366 1743 animo
387 1682 580 1757 spectarent,
602 1681 622 1742 i.
642 1695 668 1741 e.
690 1680 796 1755 sperni
816 1681 984 1754 virginem,
1008 1695 1091 1754 quae
1110 1681 1211 1740 semel
1231 1681 1265 1740 in
1281 1669 1390 1742 fabula

256 1791 426 1849 nominata
452 1791 530 1863 erat,
564 1789 594 1847 id
622 1788 744 1847 latinus
768 1789 864 1862 poeta
885 1787 1025 1846 crederet
1047 1803 1119 1847 esse
1142 1789 1389 1863 mitigandum”.

297 1897 430 1956 Frustra
451 1897 501 1954 est
523 1894 705 1969 TeuffeliuS,
728 1909 803 1953 cum
825 1894 1020 1954 scholiastae
1030 1895 1245 1969 patrocinium
1256 1897 1390 1971 suscipit

256 2020 285 2078 p.
318 2004 386 2064 281.
419 2004 526 2078 ,Ohne
558 2002 713 2062 Charinus
741 2001 832 2060 hatte
857 2001 914 2060 das
940 2001 1104 2060 Schicksal
1126 2002 1179 2060 der
1201 2003 1390 2064 Philumena

258 2110 307 2168 fiir
338 2110 395 2169 das
427 2107 788 2183 Gerechtigkeitsgefiihl
817 2109 919 2167 etwas
950 2107 1190 2183 Verletzendes;
1223 2125 1257 2168 es
1288 2110 1391 2192 bliebe

257 2217 303 2275 im
341 2217 523 2276 Zuschauer
555 2215 605 2274 die
638 2213 852 2288 Empflndung
886 2215 941 2282 des
976 2214 1131 2274 Mitleides
1165 2217 1299 2291 aurhck3
1336 2218 1390 2276 der

258 2323 389 2382 Schluss
420 2329 508 2382 ware
537 2323 636 2382 somit
668 2322 740 2380 kein
771 2322 837 2380 rein
865 2322 1008 2396 heiterer,
1044 2322 1314 2384 wohlthuender’'.
1345 2326 1389 2383 At

257 2413 320 2489 non
351 2431 462 2490 nostra
498 2430 632 2488 interest
667 2429 756 2504 scire,
792 2429 866 2502 quid
908 2429 1097 2488 Philumena
1127 2427 1194 2503 fiat,
1227 2430 1283 2488 sed
1314 2431 1389 2502 quid

258 2537 402 2598 Charino.
443 2537 523 2595 Vide
543 2537 642 2595 Fabia
662 2553 692 2610 p.
715 2537 782 2597 210.

296 2644 343 2702 Ne
374 2644 475 2702 altera
506 2643 634 2716 quidem
664 2642 768 2717 lectio,
799 2659 838 2702 aa
863 2637 1038 2705 ἀποθέωτον
1061 2643 1142 2706 (visu
1170 2641 1387 2714 iniucundum)

254 2749 338 2823 {ierct
359 2764 423 2823 eqS,
445 2749 550 2822 magis
571 2748 685 2822 placet.
717 2747 801 2806 Nam
821 2747 906 2805 idem
929 2747 993 2806 fere
1013 2746 1172 2820 significat
1188 2748 1284 2820 atque
1294 2748 1386 2823 prior,

256 2855 318 2913 nisi
339 2856 422 2928 quod
443 2855 578 2913 verbum
598 2855 676 2913 illud
697 2853 765 2912 vim
786 2854 944 2914 minorem
966 2855 1072 2932 habet.

296 2962 366 3021 Mea
386 2962 547 3021 sententia
569 2962 680 3021 auctor
699 2961 820 3020 latinus
835 2962 895 3020 hoc
907 2961 999 3019 unice
1009 2960 1168 3034 spectavit
1179 2961 1215 3018 ut
1228 2961 1387 3020 actionem

256 3069 497 3142 magisvariam
508 3069 664 3142 redderet;
677 3082 773 3140 quem
784 3068 820 3126 ut
831 3066 929 3126 finem
938 3069 1169 3143 assequeretur,
1177 3082 1387 3141 personarum

256 3191 427 3235 numerum
459 3189 575 3248 augere
605 3175 782 3234 const'tuit.
824 3176 922 3233 Secus
947 3176 1060 3233 tamen
1081 3174 1210 3248 cecidit;
1232 3189 1309 3232 nam
1331 3190 1386 3247 pro

257 3297 303 3357 ee,
334 3284 371 3341 ut
402 3297 453 3341 res
487 3283 609 3342 maiore
643 3282 757 3354 spiritu
798 3281 969 3354 animoque
1006 3282 1165 3356 gerantur,
1201 3281 1388 3354 plerumque

257 3390 340 3449 actio
354 3389 501 3448 tardatur
516 3390 612 3461 atque
625 3389 797 3461 impeditur
810 3403 969 3448 novarum
982 3403 1191 3461 personarum
1205 3388 1385 3448 insertione.

256 3496 434 3556 Universae
463 3496 560 3569 igitur
590 3494 718 3554 fabulae
746 3495 1003 3554 additamentum
1023 3495 1083 3554 hoc
1104 3495 1238 3553 minime
1258 3492 1385 3566 profuit.

258 3602 398 3663 Causam
418 3603 491 3662 inde
511 3603 628 3676 repeto,
651 3602 734 3674 quod
754 3617 865 3660 revera
887 3602 1114 3675 argumentum
1129 3600 1255 3659 fabulae
1269 3599 1385 3673 duplex

257 3709 317 3768 dici
348 3725 412 3770 non
442 3710 566 3783 potest;
587 3709 681 3767 iuxta
701 3710 810 3782 partes
832 3710 931 3782 agunt
959 3708 1114 3768 Charinus
1135 3707 1167 3765 et
1189 3706 1383 3780 Pamphilus,

256 3816 311 3874 sed
333 3816 464 3876 alterius
490 3816 617 3876 fortuna
638 3825 707 3875 non·
723 3816 762 3874 ab
776 3815 875 3874 altero
890 3814 1005 3888 pendet
1019 3829 1122 3887 neque
1135 3814 1243 3887 partes
1259 3813 1386 3872 fabulae

256 3923 337 3982 duae
366 3924 449 3982 inter
480 3938 515 3982 se
546 3922 756 3996 complicatae
786 3922 871 3995 sunt,
903 3922 940 3979 ut
970 3936 1001 3981 v,
1027 3935 1053 3981 c.
1078 3921 1111 3979 in
1132 3920 1299 3994 Adelphis;
1321 3934 1384 3979 non

254 4030 419 4089 intextum
440 4031 489 4088 est
512 4030 769 4088 additamentum
791 4027 918 4087 fabulae
939 4028 1138 4101 argumento.
1171 4037 1173 4043 '

711 4234 924 4241 ——.—-—.-—
