3368 5046
796 541 834 600 87

250 728 381 787 alterius
402 727 558 802 opinionis
584 727 727 788 fautores
747 728 826 786 11666
848 727 1050 788 adduxeruut
1070 728 1164 804 ultro,
1187 730 1224 788 ut
1245 744 1379 790 causam

249 849 345 894 suam
365 833 540 895 firmarent.

270 941 453 1016 Speupclius
473 957 503 1015 p.
525 944 563 1001 13
583 937 662 1001 haec
683 941 796 1002 habet:
820 941 1113 1016 ,Wahrscheinlich
1133 944 1191 1002 hat
1210 943 1380 1005 Terentius

250 1063 361 1107 ausser
378 1049 467 1122 jener
488 1049 595 1108 ersten
617 1047 716 1108 Scene
736 1049 791 1107 des
814 1049 920 1108 ersten
941 1049 1043 1109 Aktes
1059 1051 1257 1124 ueherhaupt
1273 1051 1380 1111 nichts

250 1156 323 1216 oder
343 1170 404 1214 nur
422 1154 561 1228 weniges
576 1155 631 1214 der
645 1155 808 1214 Perinthia
822 1155 1040 1230 entnommen,
1056 1156 1165 1214 111661
1180 1158 1262 1216 auch
1275 1157 1380 1218 11161

249 1261 382 1336 Adelphi
396 1276 457 1321 nur
472 1261 521 1320 die
537 1262 607 1320 6116
621 1261 727 1336 Scene,
744 1262 795 1321 116
809 1264 894 1322 61616
908 1262 963 1321 166
978 1263 1113 1322 11161161
1127 1264 1230 1323 Altos
1246 1279 1305 1323 aus
1320 1265 1381 1325 den

250 1368 505 1429 Commorientes
517 1368 572 1427 des
582 1368 726 1441 Diphilus
738 1369 897 1429 einschob.
910 1369 984 1428 Dies
992 1370 1071 1428 wird
1079 1370 1273 1444 wenigstens
1282 1371 1381 1430 durch

250 1475 307 1534 das
328 1474 541 1548 vollstandige
562 1475 748 1548 Schwelgen
773 1475 828 1534 des
843 1476 988 1536 Donatus
1003 1477 1099 1536 ueber
1112 1477 1243 1536 weitere
1256 1478 1381 1537 Entleh-

250 1597 377 1656 nungen
409 1597 467 1640 aus
499 1581 552 1640 der
584 1582 745 1641 Perinthia
775 1583 836 1641 mit
867 1585 1056 1643 Ausnahme
1085 1600 1149 1644 von
1183 1585 1198 1644 Ι
1230 1585 1257 1646 1.
1282 1585 1382 1644 116111-

251 1689 423 1748 661161111611
445 1689 626 1762 gemacht&

290 1795 408 1857 Contra
428 1796 508 1854 haec
529 1810 644 1855 moneo
665 1795 697 1853 in
719 1796 839 1856 scholio
860 1796 900 1854 ad
921 1811 952 1856 1.
974 1797 1013 1856 10
1034 1797 1160 1855 disertis
1180 1797 1286 1856 verbis
1304 1797 1380 1858 dici:

252 1901 378 1976 ,Prima
403 1915 499 1960 scena
530 1901 711 1960 Perinthiae
744 1917 846 1974 paene
865 1902 979 1962 iisdem
999 1903 1105 1962 verbis
1127 1903 1242 1977 quihus
1262 1902 1383 1963 Andria

250 2008 370 2081 scripta
405 2008 472 2068 est:
510 2009 617 2066 cetera
648 2008 817 2068 dissimilia
847 2010 933 2083 sunt,
965 2011 1107 2084 exceptis
1139 2011 1262 2071 duobus
1292 2010 1380 2084 locis,

254 2115 352 2175 altero
384 2115 424 2174 ad
456 2130 569 2174 versus
600 2116 657 2184 XI,
689 2116 789 2176 altero
822 2116 861 2174 ad
892 2117 965 2191 XX,
988 2118 1096 2190 quiin
1116 2119 1253 2191 utraque
1274 2117 1383 2177 fabula

251 2222 347 2296 positi
388 2222 494 2283 sunt”.
536 2222 624 2297 Quae
653 2223 752 2281 verba
789 2222 907 2281 saltem
941 2239 1005 2284 non
1038 2224 1178 2300 obstant,
1210 2225 1382 2298 quominus

252 2329 403 2402 putemus
433 2329 467 2387 in
498 2328 659 2387 Perinthia
691 2328 791 2387 fuisse
821 2329 948 2390 Charini
975 2345 1154 2405 personam,
1183 2346 1382 2404 quamquam

250 2450 313 2495 non
334 2435 557 2495 demonstrant
571 2450 682 2495 revera
696 2436 740 2494 ibi
755 2435 863 2496 fuisse.
885 2436 974 2495 Haec
988 2437 1158 2497 hactenus:
1176 2439 1209 2496 at
1226 2437 1382 2511 Spengelii

251 2541 488 2614 argumentatio
517 2542 654 2600 concidit
682 2542 765 2614 quod
791 2542 878 2601 nulla
903 2558 1002 2601 causa
1024 2544 1091 2601 6161
1114 2543 1306 2616 scholiastis,
1328 2543 1382 2616 qui

250 2647 504 2721 conscripserunt
536 2647 759 2708 adnotationes
791 2649 830 2713 ad
857 2665 889 2709 1.
918 2649 957 2708 10
984 2650 1016 2708 61
1045 2650 1091 2724 13,
1115 2664 1170 2708 cur
1191 2649 1321 2723 agerent
1343 2649 1383 2708 16

250 2754 410 2814 additione
437 2754 564 2815 Charini
584 2756 787 2829 Byrriaeque.
812 2757 899 2816 Prior
922 2757 1007 2815 enim
1029 2756 1093 2830 egit
1115 2756 1153 2815 de
1174 2755 1382 2815 similitudine

250 2861 332 2919 inter
363 2862 535 2935 utramque
565 2861 718 2937 fabulam,
750 2863 788 2922 16
816 2878 880 2936 qua
900 2879 1007 2922 sermo
1029 2864 1078 2921 est
1098 2863 1162 2922 illic
1182 2863 1216 2921 in
1236 2863 1382 2936 prologo;

252 2968 332 3027 alter
382 2968 599 3042 praecedentis
651 2969 802 3028 notitiam
849 2971 1009 3044 supplevit
1058 2971 1155 3043 atque
1189 2970 1383 3030 emendavit.

249 3073 329 3133 Vide
348 3091 378 3149 p.
401 3077 448 3136 74.
489 3076 705 3149 Adelphorum
724 3077 858 3150 denique
876 3078 1023 3151 analogia
1044 3078 1272 3151 argumentum
1292 3078 1384 3138 levis·

251 3182 372 3240 simum
416 3183 474 3256 est,
514 3197 589 3241 cum
627 3184 696 3257 pari
733 3184 802 3242 iure
831 3184 1004 3243 Eunuchus
1034 3184 1157 3244 laudari
1188 3185 1299 3260 possit,
1332 3185 1383 3244 cui

251 3289 418 3348 Terentius
440 3305 541 3349 novas
562 3305 714 3364 personas
737 3290 863 3350 aliunde
884 3291 1034 3365 adscitas,
1056 3291 1199 3352 inseruit.
1225 3290 1242 3363 ¹)

289 3397 499 3470 Argumenta,
512 3411 594 3470 quae
605 3399 840 3458 commemorat
853 3397 1024 3458 Nepotatus
1034 3415 1063 3472 p.
1075 3401 1123 3468 37,
1132 3399 1230 3472 pluris
1238 3398 1384 3458 facienda

251 3504 336 3563 sunt.
350 3504 453 3576 „Tum
462 3504 582 3577 autern,
590 3518 646 3562 cur
654 3520 717 3564 non
723 3505 831 3564 totam
839 3505 1035 3564 Perinthiam
1041 3505 1383 3564 transtulitTerentius

284 3632 305 3699 1)
343 3634 421 3702 Quae
448 3649 537 3704 supra
564 3636 719 3705 disputavi,
737 3636 809 3691 item
827 3636 1000 3692 Nencinium
1017 3636 1154 3692 refellunt
1170 3651 1198 3704 p.
1216 3636 1251 3690 33
1270 3636 1385 3691 conten·

247 3723 364 3778 dentem
380 3723 485 3779 Donati
502 3725 710 3780 commentario
718 3726 862 3780 utendum
871 3740 936 3782 6666
945 3727 982 3781 61
990 3725 1101 3794 prologi
1109 3727 1198 3782 verba
1206 3725 1384 3795 illustranda,

248 3814 338 3868 verba
363 3813 453 3880 igitur
480 3827 571 3884 ,quae
590 3815 768 3870 oonvenere”
794 3817 879 3870 unice
904 3816 1036 3884 spectare
1060 3815 1085 3896 Ι.Ι
1102 3815 1126 3869 1.
1148 3814 1228 3884 ,Non
1247 3815 1333 3877 enim,
1351 3809 1386 3869 ut

247 3901 379 3958 Donatus
406 3903 455 3973 ait,
483 3903 577 3958 totam
604 3917 731 3972 scenam,
759 3905 809 3959 sed
837 3919 875 3960 ex
902 3904 966 3968 hac,
992 3918 1067 3972 quae
1085 3918 1254 3973 convenere,
1275 3904 1305 3959 in
1322 3917 1385 3959 rem

249 4005 333 4046 suam
351 3992 521 4047 convertit.”
540 3992 721 4049 Putemusue
740 3992 909 4048 Terentium
928 3994 990 4048 tam
1009 3993 1144 4060 ambigue
1162 3993 1292 4049 locutum
1310 4006 1384 4062 esse,

249 4079 274 4134 si
291 4081 405 4148 partem
423 4080 567 4136 tantillam
584 4084 739 4137 mutuatus
758 4083 838 4138 esset
855 4097 872 4137 6
891 4082 1065 4137 Perinthia?
1083 4081 1268 4150 spectatores
1285 4081 1386 4148 utique

247 4167 316 4224 illud
336 4184 424 4240 ,quae
443 4171 609 4226 couvenere”
628 4171 793 4228 referebant
811 4172 847 4226 ad
865 4169 994 4226 fabulam
1012 4171 1114 4239 totam,
1133 4172 1175 4226 ita
1187 4173 1221 4226 ut
1233 4169 1387 4225 Terentius

248 4258 357 4313 maiore
377 4257 461 4326 culpa
479 4273 512 4314 se
529 4259 729 4328 implicuisset,
747 4274 836 4327 quam
853 4274 956 4315 revera
973 4259 1004 4314 11
1022 4273 1055 4316 66
1073 4259 1238 4314 admiserat.
