3368 5046
823 493 862 553 90

272 680 468 749 sententiam
498 680 658 756 prolatam
690 679 805 742 Mnem.
839 679 918 740 Nov.
955 679 1020 738 Ser.
1048 678 1117 740 Vol.
1146 679 1189 738 IV
1217 680 1293 751 (ann
1318 681 1404 752 1876)

272 805 301 862 p.
341 789 477 862 148-9,
509 787 563 860 qui
597 801 788 860 persuasum
820 785 881 844 sihi
908 786 1005 848 habet
1034 786 1067 844 in
1095 786 1258 845 Menandri
1287 787 1406 846 Andria

271 895 339 954 iam
367 893 467 952 fuisse
495 893 621 962 Charini
648 893 842 966 Byrriaeque
868 893 986 967 partes,
1008 893 1069 952 hac
1093 893 1283 965 pracsertim
1304 908 1403 953 causa

270 1001 429 1075 inductus,
453 1000 537 1073 quod
556 1001 783 1074 argumentum
805 1000 833 1058 ei
853 999 951 1060 nimis
971 999 1042 1058 leva
1067 1000 1165 1072 atque
1182 1000 1265 1059 exile
1278 1000 1404 1060 videtur

272 1108 410 1181 demptis
431 1107 576 1181 partibus
597 1107 669 1167 illis.
691 1107 764 1180 Ipse
783 1107 900 1165 videris
923 1121 964 1166 an
984 1107 1044 1167 hoc
1059 1105 1208 1181 sufficiat,
1224 1107 1261 1166 ut
1276 1107 1405 1166 scholiis

272 1212 368 1273 fidem
402 1214 531 1275 omnino
561 1214 763 1288 denegemus
792 1228 871 1272 narn
898 1213 1057 1286 quomodo
1084 1214 1164 1272 haec
1185 1213 1289 1287 opinio
1316 1214 1404 1272 stare

272 1321 388 1396 potest,
423 1336 499 1380 cum
536 1320 713 1380 luculenter
750 1318 907 1403 significet
942 1319 1117 1380 scholiasta
1148 1320 1226 1380 locis
1258 1321 1401 1394 pluribus

273 1427 412 1486 defuisse
432 1427 606 1488 Charinum
627 1428 839 1500 Byrriamque
860 1427 1036 1501 exemplari
1056 1429 1194 1501 graeco?

314 1881 492 1953 Postquam
521 1880 555 1938 in
587 1878 801 1953 superioribus
834 1877 999 1936 enucleare
1030 1880 1165 1938 conatus
1187 1894 1270 1952 sum,
1294 1879 1406 1938 utrum

273 1986 443 2046 Menandro
462 2001 503 2044 an
522 1986 583 2059 ipsi
595 1985 743 2045 Terentio
756 1984 882 2044 Charini
892 1985 1087 2058 Byrriaeque
1097 1986 1205 2059 partes
1218 1987 1400 2062 debeantur,

273 2106 357 2150 nunc
377 2091 538 2164 inquiram
559 2092 718 2164 quatenus
738 2092 849 2165 pateat
869 2092 910 2166 id,
930 2093 1013 2164 quod
1027 2093 1239 2166 qualicunque
1253 2094 1292 2152 de
1308 2109 1407 2153 causa

274 2198 452 2272 desumpsit
475 2213 492 2256 e
513 2197 621 2257 fabula
642 2198 743 2257 altera
764 2199 859 2272 poeta
878 2198 1009 2260 latinus.

314 2305 375 2364 Hic
395 2315 470 2366 vero
491 2320 622 2364 necesse
643 2306 702 2379 est,
724 2306 760 2364 ut
782 2306 892 2378 paucis
915 2321 1011 2379 agam
1032 2307 1070 2365 de
1091 2307 1215 2367 ratione
1229 2323 1312 2380 quae
1321 2308 1405 2367 inter

275 2412 472 2472 Perinthiam
494 2413 525 2470 et
546 2412 701 2472 Andriam
722 2427 768 2485 gr.
788 2411 1020 2486 intercesserit3
1040 2414 1160 2473 etenim
1177 2415 1205 2472 si
1224 2415 1408 2474 comoediae

275 2519 357 2578 duae
382 2520 454 2578 tam
481 2519 603 2577 similes
628 2519 712 2577 inter
736 2533 772 2576 se
796 2518 933 2593 fuerunt,
954 2520 991 2578 ut
1016 2520 1117 2578 altera
1139 2520 1271 2579 alterius
1293 2522 1407 2579 retrac-

273 2627 355 2686 tatio
384 2627 478 2700 esset,
509 2627 606 2685 aucta
629 2626 761 2684 tantum
787 2625 920 2685 Charini
934 2626 1128 2699 Byrriaeque
1149 2627 1303 2701 partibus,
1328 2627 1406 2686 nihil

274 2732 404 2792 referret
436 2733 519 2806 quod
548 2733 587 2792 ad
613 2748 673 2807 reS,
702 2748 766 2792 non
791 2733 874 2806 quod
899 2733 939 2791 ad
967 2734 1146 2794 orationem
1168 2734 1199 2792 ct
1222 2733 1343 2808 stilum,
1367 2749 1406 2792 ex

275 2840 349 2898 utra
377 2839 485 2899 fabula
513 2840 695 2898 desumeret
722 2841 818 2914 pocta
846 2854 978 2899 scenam
1011 2840 1162 2913 aliquam.
1194 2840 1278 2900 Nihil
1310 2841 1407 2914 igitur

275 2945 427 3019 obstaret,
449 2946 621 3018 quominus
642 2960 756 3004 scenas
778 2961 899 3020 omnes
921 2946 1090 3019 inquibus
1113 2945 1268 3006 Charinus
1283 2945 1407 3018 Byrria·

275 3066 337 3124 que
357 3050 475 3124 aliquid
494 3052 709 3127 interponunt,
732 3053 912 3111 Perinthiae
934 3053 1137 3127 adscriberes
1160 3053 1244 3126 quod
1263 3051 1405 3112 iecerunt

275 3157 385 3216 ihnius
416 3173 446 3230 p.
477 3159 504 3231 5,
537 3159 695 3218 Braunius
727 3176 757 3233 p.
788 3161 807 3218 9
838 3174 906 3232 sqq.
939 3159 1057 3220 Contra
1086 3160 1114 3218 si
1135 3173 1327 3233 persuasum
1348 3158 1407 3217 tibi

274 3265 382 3338 habes,
405 3264 477 3338 plus
497 3265 690 3340 interfuisse,
713 3281 750 3326 co
772 3266 946 3340 adducaris,
969 3267 1006 3325 ut
1027 3267 1157 3325 statuas
1172 3266 1277 3325 deberi
1291 3280 1405 3324 scenas

275 3371 356 3446 illas
378 3372 432 3431 ubi
454 3371 581 3432 Charini
601 3372 774 3444 Byrriacve
794 3373 902 3446 partes
923 3374 1082 3432 momenti
1104 3373 1235 3433 minoris
1255 3374 1331 3432 sunt
1351 3373 1407 3431 aut

275 3478 373 3537 eximi
403 3479 547 3553 possunt,
571 3480 601 3537 Π
623 3481 649 3550 2,
672 3480 716 3539 IV
737 3481 764 3553 2,
786 3480 814 3536 V
835 3481 863 3540 5.
886 3482 913 3554 6,
935 3481 1055 3553 partim
1080 3481 1261 3539 Perinthiae
1285 3479 1405 3553 partim

276 3585 438 3644 Menandri
468 3586 615 3661 Andriae,
647 3586 698 3645 cui
729 3587 897 3645 inseruerit
925 3588 1020 3660 poeta
1044 3587 1164 3645 latinus
1187 3587 1300 3646 aliena.
1323 3585 1407 3644 Huic

277 3692 386 3751 autem
411 3693 549 3766 opinioni
570 3693 657 3752 favet
679 3693 762 3766 quod
782 3693 947 3766 ingenium
969 3694 1136 3769 Pamphili,
1159 3694 1253 3767 quale
1276 3693 1406 3767 apparet

276 3799 309 3856 in
331 3799 444 3872 scenis
467 3799 536 3858 sine
556 3800 650 3859 dubio
673 3815 689 3858 e
710 3800 873 3859 Menandri
893 3801 1013 3860 Andria
1030 3801 1166 3876 haustis
1180 3801 1343 3859 diversum
1358 3800 1407 3858 est

278 3905 317 3964 ab
349 3921 394 3980 co,
427 3907 511 3979 quod
531 3922 607 3980 prae
628 3922 663 3966 se
684 3907 744 3966 sert
766 3907 799 3965 in
820 3908 925 3966 scenis
947 3908 1170 3968 Perinthianis.
1204 3907 1284 4000 Vide
1305 3923 1336 3980 p.
1359 3907 1407 3966 83.

279 4013 447 4072 Praeterea
482 4013 513 4072 Π
545 4015 561 4073 1
587 4015 684 4073 nimis
708 4015 842 4089 abrupte
864 4015 1035 4089 exorditur,
1059 4031 1158 4088 quam
1179 4016 1215 4073 ut
1236 4012 1411 4073 verisimile

278 4119 329 4193 sit,
369 4135 452 4194 quae
484 4121 517 4179 in
550 4121 711 4180 Perinthia
743 4123 826 4181 hanc
857 4137 990 4183 scenam
1021 4122 1261 4196 praecesserint,
1281 4121 1408 4180 ¹eadem

280 4216 379 4276 fuisse
421 4219 518 4292 atque
559 4235 606 4294 ea,
649 4234 732 4293 quae
771 4221 804 4278 in
842 4221 961 4280 Andria
998 4221 1259 4294 praemittuntur.
1304 4219 1349 4278 At
1382 4217 1410 4276 si
