<?xml version="1.0" encoding="UTF-8"?>
<!DOCTYPE html PUBLIC "-//W3C//DTD XHTML 1.0 Transitional//EN"
    "http://www.w3.org/TR/xhtml1/DTD/xhtml1-transitional.dtd">
<html xmlns="http://www.w3.org/1999/xhtml" xml:lang="en" lang="en">
 <head>
  <title>
</title>
<meta http-equiv="Content-Type" content="text/html;charset=utf-8" />
  <meta name='ocr-system' content='tesseract 3.04.00' />
  <meta name='ocr-capabilities' content='ocr_page ocr_carea ocr_par ocr_line ocrx_word'/>
</head>
<body>
  <div class='ocr_page' id='page_1' title='image "./questionesteren00sipkgoog_0058.png"; bbox 0 0 3386 5046; ppageno 0'>
   <div class='ocr_carea' id='block_1_1' title="bbox 839 517 877 574">
    <p class='ocr_par' dir='ltr' id='par_1_1' title="bbox 839 517 877 574">
     <span class='ocr_line' id='line_1_1' title="bbox 839 517 877 574; baseline 0 0"><span class='ocrx_word' id='word_1_1' title='bbox 839 517 877 574; x_wconf 88' lang='grc'>41</span> 
     </span>
    </p>
   </div>
   <div class='ocr_carea' id='block_1_2' title="bbox 290 702 1433 4300">
    <p class='ocr_par' dir='ltr' id='par_1_2' title="bbox 290 702 1429 887">
     <span class='ocr_line' id='line_1_2' title="bbox 290 702 1429 780; baseline -0.004 -16"><span class='ocrx_word' id='word_1_2' title='bbox 290 723 321 766; x_wconf 83' lang='lat' dir='ltr'>v.</span> <span class='ocrx_word' id='word_1_3' title='bbox 353 708 410 766; x_wconf 76' lang='lat'>277</span> <span class='ocrx_word' id='word_1_4' title='bbox 441 705 603 780; x_wconf 82' lang='lat' dir='ltr'>proiectus</span> <span class='ocrx_word' id='word_1_5' title='bbox 626 704 704 778; x_wconf 88' lang='lat' dir='ltr'>erat,</span> <span class='ocrx_word' id='word_1_6' title='bbox 733 718 908 775; x_wconf 88' lang='lat' dir='ltr'>reversum,</span> <span class='ocrx_word' id='word_1_7' title='bbox 931 703 968 760; x_wconf 89' lang='lat' dir='ltr'>ut</span> <span class='ocrx_word' id='word_1_8' title='bbox 991 703 1159 762; x_wconf 79' lang='lat' dir='ltr'><strong>Sostratae</strong></span> <span class='ocrx_word' id='word_1_9' title='bbox 1180 702 1429 775; x_wconf 89' lang='lat' dir='ltr'>Pamphilaeque</span> 
     </span>
     <span class='ocr_line' id='line_1_3' title="bbox 291 811 699 887; baseline -0.005 -15"><span class='ocrx_word' id='word_1_10' title='bbox 291 813 487 887; x_wconf 81' lang='lat' dir='ltr'>suspiciones</span> <span class='ocrx_word' id='word_1_11' title='bbox 510 811 699 884; x_wconf 80' lang='lat' dir='ltr'>dispelleret.</span> 
     </span>
    </p>

    <p class='ocr_par' dir='ltr' id='par_1_3' title="bbox 290 915 1430 1419">
     <span class='ocr_line' id='line_1_4' title="bbox 331 915 1429 993; baseline -0.006 -13"><span class='ocrx_word' id='word_1_12' title='bbox 331 919 577 993; x_wconf 77' lang='lat' dir='ltr'>Aliquantulum</span> <span class='ocrx_word' id='word_1_13' title='bbox 591 916 696 976; x_wconf 83' lang='lat' dir='ltr'>illudit</span> <span class='ocrx_word' id='word_1_14' title='bbox 709 917 914 990; x_wconf 77' lang='lat' dir='ltr'>adulescenti,</span> <span class='ocrx_word' id='word_1_15' title='bbox 927 916 982 975; x_wconf 90' lang='lat' dir='ltr'>sed</span> <span class='ocrx_word' id='word_1_16' title='bbox 994 931 1025 976; x_wconf 80' lang='lat' dir='ltr'>r.</span> <span class='ocrx_word' id='word_1_17' title='bbox 1038 917 1096 975; x_wconf 84' lang='lat'>696</span> <span class='ocrx_word' id='word_1_18' title='bbox 1107 915 1245 989; x_wconf 87' lang='lat' dir='ltr'>imperat</span> <span class='ocrx_word' id='word_1_19' title='bbox 1258 916 1286 974; x_wconf 93' lang='lat' dir='ltr'>ei</span> <span class='ocrx_word' id='word_1_20' title='bbox 1298 916 1334 974; x_wconf 94' lang='lat' dir='ltr'>ut</span> <span class='ocrx_word' id='word_1_21' title='bbox 1346 915 1429 990; x_wconf 87' lang='lat' dir='ltr'>puel·</span> 
     </span>
     <span class='ocr_line' id='line_1_5' title="bbox 290 1023 1430 1097; baseline -0.001 -13"><span class='ocrx_word' id='word_1_22' title='bbox 290 1026 358 1086; x_wconf 90' lang='lat' dir='ltr'>lam</span> <span class='ocrx_word' id='word_1_23' title='bbox 379 1026 476 1086; x_wconf 89' lang='lat' dir='ltr'>ducat</span> <span class='ocrx_word' id='word_1_24' title='bbox 498 1027 581 1085; x_wconf 82' lang='lat' dir='ltr'>etr.</span> <span class='ocrx_word' id='word_1_25' title='bbox 604 1026 672 1097; x_wconf 82' lang='grc'><strong>699,</strong></span> <span class='ocrx_word' id='word_1_26' title='bbox 695 1025 731 1082; x_wconf 91' lang='lat' dir='ltr'>ut</span> <span class='ocrx_word' id='word_1_27' title='bbox 754 1024 829 1084; x_wconf 88' lang='lat' dir='ltr'>deos</span> <span class='ocrx_word' id='word_1_28' title='bbox 851 1023 1071 1096; x_wconf 86' lang='lat' dir='ltr'>comprecetur</span> <span class='ocrx_word' id='word_1_29' title='bbox 1086 1023 1197 1082; x_wconf 85' lang='lat' dir='ltr'>uxoris</span> <span class='ocrx_word' id='word_1_30' title='bbox 1220 1023 1430 1083; x_wconf 83' lang='lat' dir='ltr'>arcessendae</span> 
     </span>
     <span class='ocr_line' id='line_1_6' title="bbox 292 1130 1429 1192; baseline -0.004 0"><span class='ocrx_word' id='word_1_31' title='bbox 292 1148 400 1192; x_wconf 81' lang='lat' dir='ltr'>cause.</span> <span class='ocrx_word' id='word_1_32' title='bbox 434 1132 566 1190; x_wconf 78' lang='lat' dir='ltr'>Frustra</span> <span class='ocrx_word' id='word_1_33' title='bbox 596 1131 776 1190; x_wconf 85' lang='lat' dir='ltr'>Aeschinus</span> <span class='ocrx_word' id='word_1_34' title='bbox 808 1130 943 1190; x_wconf 81' lang='lat' dir='ltr'>conetur</span> <span class='ocrx_word' id='word_1_35' title='bbox 973 1131 1033 1189; x_wconf 92' lang='lat' dir='ltr'>hoc</span> <span class='ocrx_word' id='word_1_36' title='bbox 1061 1145 1181 1189; x_wconf 87' lang='lat' dir='ltr'>munus</span> <span class='ocrx_word' id='word_1_37' title='bbox 1209 1130 1429 1189; x_wconf 79' lang='lat' dir='ltr'>deflecterem</span> 
     </span>
     <span class='ocr_line' id='line_1_7' title="bbox 292 1236 1428 1313; baseline -0.002 -15"><span class='ocrx_word' id='word_1_38' title='bbox 292 1240 427 1313; x_wconf 86' lang='lat' dir='ltr'>patrem,</span> <span class='ocrx_word' id='word_1_39' title='bbox 461 1239 515 1311; x_wconf 93' lang='lat' dir='ltr'>qui</span> <span class='ocrx_word' id='word_1_40' title='bbox 546 1253 576 1298; x_wconf 78' lang='lat' dir='ltr'>v,</span> <span class='ocrx_word' id='word_1_41' title='bbox 603 1237 815 1298; x_wconf 70' lang='lat' dir='ltr'>rotdomum</span> <span class='ocrx_word' id='word_1_42' title='bbox 838 1252 933 1295; x_wconf 88' lang='lat' dir='ltr'>suam</span> <span class='ocrx_word' id='word_1_43' title='bbox 954 1237 1064 1310; x_wconf 88' lang='lat' dir='ltr'>intrat,</span> <span class='ocrx_word' id='word_1_44' title='bbox 1088 1237 1177 1296; x_wconf 87' lang='lat' dir='ltr'>hisce</span> <span class='ocrx_word' id='word_1_45' title='bbox 1197 1238 1303 1295; x_wconf 84' lang='lat' dir='ltr'>verbis</span> <span class='ocrx_word' id='word_1_46' title='bbox 1325 1236 1428 1296; x_wconf 90' lang='lat' dir='ltr'>fllium</span> 
     </span>
     <span class='ocr_line' id='line_1_8' title="bbox 294 1345 541 1419; baseline 0 -13"><span class='ocrx_word' id='word_1_47' title='bbox 294 1345 507 1419; x_wconf 85' lang='lat' dir='ltr'>compellans:</span> <span class='ocrx_word' id='word_1_48' title='bbox 536 1363 541 1372; x_wconf 91' lang='lat'><strong>·</strong></span> 
     </span>
    </p>

    <p class='ocr_par' dir='ltr' id='par_1_4' title="bbox 292 1450 1427 1527">
     <span class='ocr_line' id='line_1_9' title="bbox 292 1450 1427 1527; baseline -0.003 -14"><span class='ocrx_word' id='word_1_49' title='bbox 292 1451 358 1527; x_wconf 77' lang='lat' dir='ltr'>Epo</span> <span class='ocrx_word' id='word_1_50' title='bbox 371 1469 403 1513; x_wconf 86' lang='lat' dir='ltr'>co</span> <span class='ocrx_word' id='word_1_51' title='bbox 415 1453 508 1525; x_wconf 78' lang='lat' dir='ltr'>intro,</span> <span class='ocrx_word' id='word_1_52' title='bbox 523 1455 558 1511; x_wconf 81' lang='lat' dir='ltr'>ut</span> <span class='ocrx_word' id='word_1_53' title='bbox 572 1467 652 1526; x_wconf 80' lang='lat' dir='ltr'>quae</span> <span class='ocrx_word' id='word_1_54' title='bbox 666 1467 744 1524; x_wconf 78' lang='lat' dir='ltr'>opas</span> <span class='ocrx_word' id='word_1_55' title='bbox 757 1455 840 1525; x_wconf 79' lang='lat' dir='ltr'>suoi,</span> <span class='ocrx_word' id='word_1_56' title='bbox 851 1453 1023 1524; x_wconf 77' lang='lat' dir='ltr'>parentur:</span> <span class='ocrx_word' id='word_1_57' title='bbox 1036 1452 1140 1526; x_wconf 80' lang='lat' dir='ltr'>tusce,</span> <span class='ocrx_word' id='word_1_58' title='bbox 1153 1450 1278 1524; x_wconf 78' lang='grc'><strong>0101101,</strong></span> <span class='ocrx_word' id='word_1_59' title='bbox 1290 1450 1427 1525; x_wconf 77' lang='lat' dir='ltr'>strapis.</span> 
     </span>
    </p>

    <p class='ocr_par' dir='ltr' id='par_1_5' title="bbox 292 1557 1429 1741">
     <span class='ocr_line' id='line_1_10' title="bbox 333 1557 1429 1632; baseline -0.002 -14"><span class='ocrx_word' id='word_1_60' title='bbox 333 1561 440 1618; x_wconf 87' lang='lat' dir='ltr'>Pauca</span> <span class='ocrx_word' id='word_1_61' title='bbox 468 1560 568 1618; x_wconf 86' lang='lat' dir='ltr'>etiam</span> <span class='ocrx_word' id='word_1_62' title='bbox 595 1559 736 1632; x_wconf 88' lang='lat' dir='ltr'>loquitur</span> <span class='ocrx_word' id='word_1_63' title='bbox 763 1559 797 1616; x_wconf 90' lang='lat' dir='ltr'>in</span> <span class='ocrx_word' id='word_1_64' title='bbox 821 1558 922 1631; x_wconf 89' lang='lat' dir='ltr'>patris</span> <span class='ocrx_word' id='word_1_65' title='bbox 943 1557 1072 1616; x_wconf 88' lang='lat' dir='ltr'>laudem</span> <span class='ocrx_word' id='word_1_66' title='bbox 1094 1557 1228 1630; x_wconf 71' lang='lat' dir='ltr'>iuvenis</span> <span class='ocrx_word' id='word_1_67' title='bbox 1253 1559 1429 1631; x_wconf 83' lang='lat' dir='ltr'>antequam</span> 
     </span>
     <span class='ocr_line' id='line_1_11' title="bbox 292 1665 997 1741; baseline 0.001 -17"><span class='ocrx_word' id='word_1_68' title='bbox 292 1667 362 1741; x_wconf 89' lang='lat' dir='ltr'>ipse</span> <span class='ocrx_word' id='word_1_69' title='bbox 382 1680 507 1740; x_wconf 91' lang='lat' dir='ltr'>quoque</span> <span class='ocrx_word' id='word_1_70' title='bbox 528 1681 558 1723; x_wconf 83' lang='lat' dir='ltr'>v.</span> <span class='ocrx_word' id='word_1_71' title='bbox 582 1667 642 1725; x_wconf 77' lang='lat'>712</span> <span class='ocrx_word' id='word_1_72' title='bbox 663 1665 756 1724; x_wconf 86' lang='lat' dir='ltr'>aedes</span> <span class='ocrx_word' id='word_1_73' title='bbox 779 1681 856 1724; x_wconf 89' lang='lat' dir='ltr'>suas</span> <span class='ocrx_word' id='word_1_74' title='bbox 877 1666 997 1725; x_wconf 89' lang='lat' dir='ltr'>intrat:</span> 
     </span>
    </p>

    <p class='ocr_par' dir='ltr' id='par_1_6' title="bbox 354 1771 1380 1846">
     <span class='ocr_line' id='line_1_12' title="bbox 354 1771 1380 1846; baseline -0.003 -14"><span class='ocrx_word' id='word_1_75' title='bbox 354 1772 414 1832; x_wconf 83' lang='lat' dir='ltr'>Sed</span> <span class='ocrx_word' id='word_1_76' title='bbox 435 1789 517 1832; x_wconf 83' lang='lat' dir='ltr'>cesso</span> <span class='ocrx_word' id='word_1_77' title='bbox 536 1773 582 1832; x_wconf 82' lang='lat' dir='ltr'>irc</span> <span class='ocrx_word' id='word_1_78' title='bbox 603 1774 695 1846; x_wconf 79' lang='lat' dir='ltr'>intro,</span> <span class='ocrx_word' id='word_1_79' title='bbox 717 1788 754 1831; x_wconf 83' lang='lat' dir='ltr'>ne</span> <span class='ocrx_word' id='word_1_80' title='bbox 775 1788 882 1831; x_wconf 84' lang='lat' dir='ltr'>morde</span> <span class='ocrx_word' id='word_1_81' title='bbox 904 1771 981 1830; x_wconf 84' lang='lat' dir='ltr'>meis</span> <span class='ocrx_word' id='word_1_82' title='bbox 1001 1771 1123 1844; x_wconf 77' lang='lat' dir='ltr'>ceptris</span> <span class='ocrx_word' id='word_1_83' title='bbox 1143 1774 1259 1844; x_wconf 69' lang='lat' dir='ltr'>coornet</span> <span class='ocrx_word' id='word_1_84' title='bbox 1280 1771 1380 1830; x_wconf 70' lang='lat' dir='ltr'>siem?</span> 
     </span>
    </p>

    <p class='ocr_par' dir='ltr' id='par_1_7' title="bbox 293 1877 1431 2166">
     <span class='ocr_line' id='line_1_13' title="bbox 332 1877 1429 1953; baseline -0.004 -15"><span class='ocrx_word' id='word_1_85' title='bbox 332 1879 401 1939; x_wconf 91' lang='lat' dir='ltr'>Hoc</span> <span class='ocrx_word' id='word_1_86' title='bbox 422 1880 578 1953; x_wconf 88' lang='lat' dir='ltr'>temporis</span> <span class='ocrx_word' id='word_1_87' title='bbox 601 1881 766 1938; x_wconf 88' lang='lat' dir='ltr'>momento</span> <span class='ocrx_word' id='word_1_88' title='bbox 788 1879 909 1937; x_wconf 87' lang='lat' dir='ltr'>Demea</span> <span class='ocrx_word' id='word_1_89' title='bbox 930 1879 1011 1938; x_wconf 91' lang='lat' dir='ltr'>redit</span> <span class='ocrx_word' id='word_1_90' title='bbox 1034 1879 1074 1936; x_wconf 85' lang='lat' dir='ltr'>ab</span> <span class='ocrx_word' id='word_1_91' title='bbox 1096 1878 1187 1936; x_wconf 91' lang='lat' dir='ltr'>irrita</span> <span class='ocrx_word' id='word_1_92' title='bbox 1209 1877 1429 1936; x_wconf 85' lang='lat' dir='ltr'>ambulatione</span> 
     </span>
     <span class='ocr_line' id='line_1_14' title="bbox 295 1984 1431 2059; baseline -0.004 -14"><span class='ocrx_word' id='word_1_93' title='bbox 295 2001 331 2045; x_wconf 89' lang='lat' dir='ltr'>ac</span> <span class='ocrx_word' id='word_1_94' title='bbox 361 1986 494 2044; x_wconf 90' lang='lat' dir='ltr'>tandem</span> <span class='ocrx_word' id='word_1_95' title='bbox 523 1986 659 2044; x_wconf 89' lang='lat' dir='ltr'>occurrit</span> <span class='ocrx_word' id='word_1_96' title='bbox 681 1986 815 2059; x_wconf 89' lang='lat' dir='ltr'>Micioni,</span> <span class='ocrx_word' id='word_1_97' title='bbox 839 1985 973 2045; x_wconf 90' lang='lat' dir='ltr'>domum</span> <span class='ocrx_word' id='word_1_98' title='bbox 996 1986 1098 2044; x_wconf 91' lang='lat' dir='ltr'>denuo</span> <span class='ocrx_word' id='word_1_99' title='bbox 1120 1984 1310 2056; x_wconf 87' lang='lat' dir='ltr'>relinquenti</span> <span class='ocrx_word' id='word_1_100' title='bbox 1333 1985 1431 2056; x_wconf 88' lang='lat' dir='ltr'>atque</span> 
     </span>
     <span class='ocr_line' id='line_1_15' title="bbox 293 2092 927 2166; baseline 0.002 -15"><span class='ocrx_word' id='word_1_101' title='bbox 293 2093 341 2166; x_wconf 74' lang='grc'><strong>110,</strong></span> <span class='ocrx_word' id='word_1_102' title='bbox 364 2094 419 2166; x_wconf 91' lang='lat' dir='ltr'>qul</span> <span class='ocrx_word' id='word_1_103' title='bbox 439 2094 527 2150; x_wconf 90' lang='lat' dir='ltr'>intus</span> <span class='ocrx_word' id='word_1_104' title='bbox 549 2093 634 2166; x_wconf 89' lang='lat' dir='ltr'>sunt,</span> <span class='ocrx_word' id='word_1_105' title='bbox 659 2092 775 2150; x_wconf 91' lang='lat' dir='ltr'>dicenti</span> <span class='ocrx_word' id='word_1_106' title='bbox 797 2107 827 2152; x_wconf 88' lang='lat' dir='ltr'>v.</span> <span class='ocrx_word' id='word_1_107' title='bbox 852 2093 927 2152; x_wconf 81' lang='lat'>719:</span> 
     </span>
    </p>

    <p class='ocr_par' dir='ltr' id='par_1_8' title="bbox 446 2197 1273 2272">
     <span class='ocr_line' id='line_1_16' title="bbox 446 2197 1273 2272; baseline -0.002 -14"><span class='ocrx_word' id='word_1_108' title='bbox 446 2197 508 2272; x_wconf 83' lang='lat' dir='ltr'>liro,</span> <span class='ocrx_word' id='word_1_109' title='bbox 530 2199 594 2258; x_wconf 83' lang='grc'><strong>11110</strong></span> <span class='ocrx_word' id='word_1_110' title='bbox 615 2199 721 2258; x_wconf 82' lang='lat' dir='ltr'>dicum</span> <span class='ocrx_word' id='word_1_111' title='bbox 742 2200 867 2258; x_wconf 76' lang='lat' dir='ltr'>nullom</span> <span class='ocrx_word' id='word_1_112' title='bbox 888 2214 951 2258; x_wconf 87' lang='lat' dir='ltr'>esse</span> <span class='ocrx_word' id='word_1_113' title='bbox 972 2199 1006 2257; x_wconf 82' lang='lat' dir='ltr'>ln</span> <span class='ocrx_word' id='word_1_114' title='bbox 1027 2197 1116 2258; x_wconf 83' lang='lat' dir='ltr'>nodis</span> <span class='ocrx_word' id='word_1_115' title='bbox 1137 2214 1273 2257; x_wconf 84' lang='lat' dir='ltr'>morum.</span> 
     </span>
    </p>

    <p class='ocr_par' dir='ltr' id='par_1_9' title="bbox 292 2295 1431 2686">
     <span class='ocr_line' id='line_1_17' title="bbox 334 2295 1430 2379; baseline -0.003 -15"><span class='ocrx_word' id='word_1_116' title='bbox 334 2307 425 2364; x_wconf 89' lang='lat' dir='ltr'>Micio</span> <span class='ocrx_word' id='word_1_117' title='bbox 458 2306 612 2364; x_wconf 88' lang='lat' dir='ltr'>Demeam</span> <span class='ocrx_word' id='word_1_118' title='bbox 644 2306 848 2379; x_wconf 88' lang='lat' dir='ltr'>conspicatur</span> <span class='ocrx_word' id='word_1_119' title='bbox 880 2307 978 2378; x_wconf 89' lang='lat' dir='ltr'>atque</span> <span class='ocrx_word' id='word_1_120' title='bbox 1009 2306 1037 2364; x_wconf 88' lang='lat' dir='ltr'>ei</span> <span class='ocrx_word' id='word_1_121' title='bbox 1071 2295 1209 2378; x_wconf 71' lang='lat' dir='ltr'>enarrat,</span> <span class='ocrx_word' id='word_1_122' title='bbox 1243 2319 1325 2377; x_wconf 91' lang='lat' dir='ltr'>quae</span> <span class='ocrx_word' id='word_1_123' title='bbox 1346 2305 1430 2362; x_wconf 87' lang='lat' dir='ltr'>circa</span> 
     </span>
     <span class='ocr_line' id='line_1_18' title="bbox 293 2411 1431 2486; baseline -0.003 -15"><span class='ocrx_word' id='word_1_124' title='bbox 293 2413 490 2473; x_wconf 86' lang='lat' dir='ltr'>Aeschinum</span> <span class='ocrx_word' id='word_1_125' title='bbox 513 2412 779 2486; x_wconf 89' lang='lat' dir='ltr'>Pamphilamque</span> <span class='ocrx_word' id='word_1_126' title='bbox 801 2412 888 2471; x_wconf 84' lang='lat' dir='ltr'>facta</span> <span class='ocrx_word' id='word_1_127' title='bbox 910 2413 995 2486; x_wconf 90' lang='lat' dir='ltr'>sunt,</span> <span class='ocrx_word' id='word_1_128' title='bbox 1019 2411 1320 2485; x_wconf 88' lang='lat' dir='ltr'>denique,hilarem</span> <span class='ocrx_word' id='word_1_129' title='bbox 1334 2412 1431 2483; x_wconf 89' lang='lat' dir='ltr'>atque</span> 
     </span>
     <span class='ocr_line' id='line_1_19' title="bbox 292 2518 1427 2593; baseline -0.004 -14"><span class='ocrx_word' id='word_1_130' title='bbox 292 2519 477 2580; x_wconf 89' lang='lat' dir='ltr'>lubentem&#39;&#39;</span> <span class='ocrx_word' id='word_1_131' title='bbox 499 2520 589 2593; x_wconf 81' lang='lat' dir='ltr'>gnati</span> <span class='ocrx_word' id='word_1_132' title='bbox 610 2519 730 2592; x_wconf 88' lang='lat' dir='ltr'>nuptiis</span> <span class='ocrx_word' id='word_1_133' title='bbox 757 2519 870 2577; x_wconf 86' lang='lat' dir='ltr'>adesse</span> <span class='ocrx_word' id='word_1_134' title='bbox 890 2519 988 2592; x_wconf 89' lang='lat' dir='ltr'>iubet,</span> <span class='ocrx_word' id='word_1_135' title='bbox 1011 2518 1230 2592; x_wconf 89' lang='lat' dir='ltr'>postquaead</span> <span class='ocrx_word' id='word_1_136' title='bbox 1243 2518 1427 2576; x_wconf 83' lang='lat' dir='ltr'>Sostratam</span> 
     </span>
     <span class='ocr_line' id='line_1_20' title="bbox 296 2627 516 2686; baseline 0.009 -2"><span class='ocrx_word' id='word_1_137' title='bbox 296 2627 363 2685; x_wconf 89' lang='lat' dir='ltr'>abit</span> <span class='ocrx_word' id='word_1_138' title='bbox 384 2642 415 2686; x_wconf 88' lang='lat' dir='ltr'>v.</span> <span class='ocrx_word' id='word_1_139' title='bbox 438 2628 516 2686; x_wconf 77' lang='lat'><strong>757:</strong></span> 
     </span>
    </p>

    <p class='ocr_par' dir='ltr' id='par_1_10' title="bbox 545 2733 1185 2806">
     <span class='ocr_line' id='line_1_21' title="bbox 545 2733 1185 2806; baseline 0.003 -16"><span class='ocrx_word' id='word_1_140' title='bbox 545 2733 611 2806; x_wconf 82' lang='lat' dir='ltr'>Epo</span> <span class='ocrx_word' id='word_1_141' title='bbox 631 2733 683 2792; x_wconf 84' lang='lat' dir='ltr'>lros</span> <span class='ocrx_word' id='word_1_142' title='bbox 705 2733 901 2792; x_wconf 78' lang='lat' dir='ltr'>conveniam:</span> <span class='ocrx_word' id='word_1_143' title='bbox 915 2735 987 2805; x_wconf 79' lang='lat' dir='ltr'>posi</span> <span class='ocrx_word' id='word_1_144' title='bbox 1007 2733 1066 2792; x_wconf 79' lang='grc'>100</span> <span class='ocrx_word' id='word_1_145' title='bbox 1086 2733 1185 2792; x_wconf 82' lang='lat' dir='ltr'>redeo</span> 
     </span>
    </p>

    <p class='ocr_par' dir='ltr' id='par_1_11' title="bbox 295 2836 1432 3232">
     <span class='ocr_line' id='line_1_22' title="bbox 335 2836 1431 2913; baseline -0.007 -11"><span class='ocrx_word' id='word_1_146' title='bbox 335 2840 422 2912; x_wconf 89' lang='lat' dir='ltr'>Opus</span> <span class='ocrx_word' id='word_1_147' title='bbox 445 2841 494 2897; x_wconf 89' lang='lat' dir='ltr'>est</span> <span class='ocrx_word' id='word_1_148' title='bbox 514 2839 581 2897; x_wconf 90' lang='lat' dir='ltr'>iam</span> <span class='ocrx_word' id='word_1_149' title='bbox 602 2855 695 2913; x_wconf 92' lang='lat' dir='ltr'>nunc,</span> <span class='ocrx_word' id='word_1_150' title='bbox 717 2841 752 2898; x_wconf 89' lang='lat' dir='ltr'>ut</span> <span class='ocrx_word' id='word_1_151' title='bbox 768 2838 850 2899; x_wconf 92' lang='lat' dir='ltr'>oculi</span> <span class='ocrx_word' id='word_1_152' title='bbox 865 2840 1004 2898; x_wconf 86' lang='lat' dir='ltr'>Demeae</span> <span class='ocrx_word' id='word_1_153' title='bbox 1019 2839 1210 2912; x_wconf 87' lang='lat' dir='ltr'>aperiantur,</span> <span class='ocrx_word' id='word_1_154' title='bbox 1224 2836 1431 2910; x_wconf 89' lang='lat' dir='ltr'>quinondum</span> 
     </span>
     <span class='ocr_line' id='line_1_23' title="bbox 295 2945 1432 3019; baseline -0.003 -14"><span class='ocrx_word' id='word_1_155' title='bbox 295 2947 420 3005; x_wconf 87' lang='lat' dir='ltr'>dubitat</span> <span class='ocrx_word' id='word_1_156' title='bbox 453 2947 491 3004; x_wconf 88' lang='lat' dir='ltr'>de</span> <span class='ocrx_word' id='word_1_157' title='bbox 520 2947 720 3019; x_wconf 82' lang='lat' dir='ltr'>Ctesiphonis</span> <span class='ocrx_word' id='word_1_158' title='bbox 754 2945 948 3019; x_wconf 81' lang='lat' dir='ltr'>frugalitate.</span> <span class='ocrx_word' id='word_1_159' title='bbox 970 2948 1015 3006; x_wconf 83' lang='lat' dir='ltr'>Do</span> <span class='ocrx_word' id='word_1_160' title='bbox 1037 2945 1169 3005; x_wconf 88' lang='lat' dir='ltr'>consilio</span> <span class='ocrx_word' id='word_1_161' title='bbox 1190 2945 1311 3003; x_wconf 90' lang='lat' dir='ltr'>inducit</span> <span class='ocrx_word' id='word_1_162' title='bbox 1336 2945 1432 3017; x_wconf 85' lang='lat' dir='ltr'>poeta</span> 
     </span>
     <span class='ocr_line' id='line_1_24' title="bbox 296 3052 1432 3127; baseline -0.004 -16"><span class='ocrx_word' id='word_1_163' title='bbox 296 3054 423 3127; x_wconf 83' lang='lat' dir='ltr'>Syrum,</span> <span class='ocrx_word' id='word_1_164' title='bbox 455 3053 509 3126; x_wconf 89' lang='lat' dir='ltr'>qui</span> <span class='ocrx_word' id='word_1_165' title='bbox 540 3069 570 3112; x_wconf 95' lang='lat' dir='ltr'>v.</span> <span class='ocrx_word' id='word_1_166' title='bbox 597 3055 654 3112; x_wconf 78' lang='lat'>591</span> <span class='ocrx_word' id='word_1_167' title='bbox 677 3054 811 3112; x_wconf 91' lang='lat' dir='ltr'>domum</span> <span class='ocrx_word' id='word_1_168' title='bbox 833 3054 1020 3126; x_wconf 88' lang='lat' dir='ltr'>intraverat,</span> <span class='ocrx_word' id='word_1_169' title='bbox 1046 3055 1082 3111; x_wconf 88' lang='lat' dir='ltr'>ut</span> <span class='ocrx_word' id='word_1_170' title='bbox 1105 3053 1189 3111; x_wconf 90' lang='lat' dir='ltr'>diem</span> <span class='ocrx_word' id='word_1_171' title='bbox 1211 3052 1348 3124; x_wconf 88' lang='lat' dir='ltr'>cyathos</span> <span class='ocrx_word' id='word_1_172' title='bbox 1369 3065 1432 3110; x_wconf 82' lang='lat' dir='ltr'>sor·</span> 
     </span>
     <span class='ocr_line' id='line_1_25' title="bbox 295 3159 1322 3232; baseline 0 -14"><span class='ocrx_word' id='word_1_173' title='bbox 295 3159 409 3218; x_wconf 85' lang='lat' dir='ltr'>bilians</span> <span class='ocrx_word' id='word_1_174' title='bbox 431 3159 617 3232; x_wconf 88' lang='lat' dir='ltr'>produceret</span> <span class='ocrx_word' id='word_1_175' title='bbox 640 3161 737 3232; x_wconf 86' lang='lat' dir='ltr'>atque</span> <span class='ocrx_word' id='word_1_176' title='bbox 759 3175 843 3219; x_wconf 92' lang='lat' dir='ltr'>nunc</span> <span class='ocrx_word' id='word_1_177' title='bbox 865 3161 932 3218; x_wconf 82' lang='lat' dir='ltr'>exit</span> <span class='ocrx_word' id='word_1_178' title='bbox 954 3161 1042 3218; x_wconf 91' lang='lat' dir='ltr'>hisce</span> <span class='ocrx_word' id='word_1_179' title='bbox 1063 3161 1170 3218; x_wconf 84' lang='lat' dir='ltr'>verbis</span> <span class='ocrx_word' id='word_1_180' title='bbox 1191 3175 1221 3216; x_wconf 88' lang='lat' dir='ltr'>v.</span> <span class='ocrx_word' id='word_1_181' title='bbox 1245 3160 1322 3218; x_wconf 70' lang='lat' dir='ltr'>ide:</span> 
     </span>
    </p>

    <p class='ocr_par' dir='ltr' id='par_1_12' title="bbox 416 3267 1299 3433">
     <span class='ocr_line' id='line_1_26' title="bbox 416 3267 1299 3339; baseline -0.002 -15"><span class='ocrx_word' id='word_1_182' title='bbox 416 3267 477 3324; x_wconf 84' lang='lat' dir='ltr'>Sed</span> <span class='ocrx_word' id='word_1_183' title='bbox 498 3267 672 3339; x_wconf 90' lang='lat' dir='ltr'>postquam</span> <span class='ocrx_word' id='word_1_184' title='bbox 693 3267 781 3325; x_wconf 88' lang='lat' dir='ltr'>intus</span> <span class='ocrx_word' id='word_1_185' title='bbox 803 3282 878 3325; x_wconf 91' lang='lat' dir='ltr'>sum</span> <span class='ocrx_word' id='word_1_186' title='bbox 901 3267 1047 3326; x_wconf 91' lang='lat' dir='ltr'>omnium</span> <span class='ocrx_word' id='word_1_187' title='bbox 1068 3282 1177 3325; x_wconf 91' lang='lat' dir='ltr'>rerum</span> <span class='ocrx_word' id='word_1_188' title='bbox 1199 3267 1299 3338; x_wconf 87' lang='lat' dir='ltr'>satur,</span> 
     </span>
     <span class='ocr_line' id='line_1_27' title="bbox 417 3373 970 3433; baseline 0.004 -2"><span class='ocrx_word' id='word_1_189' title='bbox 417 3373 685 3432; x_wconf 88' lang='lat' dir='ltr'>Prodeambulare</span> <span class='ocrx_word' id='word_1_190' title='bbox 705 3375 767 3431; x_wconf 92' lang='lat' dir='ltr'>huc</span> <span class='ocrx_word' id='word_1_191' title='bbox 787 3373 970 3433; x_wconf 85' lang='lat' dir='ltr'>lubitumst.</span> 
     </span>
    </p>

    <p class='ocr_par' dir='ltr' id='par_1_13' title="bbox 336 3478 1185 3661">
     <span class='ocr_line' id='line_1_28' title="bbox 336 3478 1109 3540; baseline 0.004 -3"><span class='ocrx_word' id='word_1_192' title='bbox 336 3478 410 3539; x_wconf 85' lang='lat' dir='ltr'>Mox</span> <span class='ocrx_word' id='word_1_193' title='bbox 431 3481 543 3540; x_wconf 89' lang='lat' dir='ltr'>tamen</span> <span class='ocrx_word' id='word_1_194' title='bbox 565 3496 585 3539; x_wconf 89' lang='lat' dir='ltr'>a</span> <span class='ocrx_word' id='word_1_195' title='bbox 605 3481 767 3539; x_wconf 91' lang='lat' dir='ltr'>Dromone</span> <span class='ocrx_word' id='word_1_196' title='bbox 787 3481 957 3540; x_wconf 87' lang='lat' dir='ltr'>revocatur</span> <span class='ocrx_word' id='word_1_197' title='bbox 978 3497 1008 3540; x_wconf 79' lang='grc' dir='ltr'>ν.</span> <span class='ocrx_word' id='word_1_198' title='bbox 1032 3483 1109 3540; x_wconf 77' lang='grc' dir='ltr'><strong>716ε</strong></span> 
     </span>
     <span class='ocr_line' id='line_1_29' title="bbox 416 3586 1185 3661; baseline 0 -17"><span class='ocrx_word' id='word_1_199' title='bbox 416 3586 514 3661; x_wconf 90' lang='lat' dir='ltr'>Heus,</span> <span class='ocrx_word' id='word_1_200' title='bbox 539 3588 626 3660; x_wconf 86' lang='lat' dir='ltr'>Syre,</span> <span class='ocrx_word' id='word_1_201' title='bbox 649 3588 741 3659; x_wconf 84' lang='lat' dir='ltr'>rogat</span> <span class='ocrx_word' id='word_1_202' title='bbox 762 3587 797 3644; x_wconf 89' lang='lat' dir='ltr'>te</span> <span class='ocrx_word' id='word_1_203' title='bbox 819 3587 978 3661; x_wconf 78' lang='lat' dir='ltr'>Ctesipho,</span> <span class='ocrx_word' id='word_1_204' title='bbox 1002 3588 1038 3645; x_wconf 87' lang='lat' dir='ltr'>ut</span> <span class='ocrx_word' id='word_1_205' title='bbox 1064 3588 1185 3645; x_wconf 80' lang='lat' dir='ltr'>redeas</span> 
     </span>
    </p>

    <p class='ocr_par' dir='ltr' id='par_1_14' title="bbox 337 3689 1431 3765">
     <span class='ocr_line' id='line_1_30' title="bbox 337 3689 1431 3765; baseline -0.003 -15"><span class='ocrx_word' id='word_1_206' title='bbox 337 3692 406 3750; x_wconf 82' lang='lat' dir='ltr'>Filii</span> <span class='ocrx_word' id='word_1_207' title='bbox 426 3708 502 3752; x_wconf 89' lang='lat' dir='ltr'>vero</span> <span class='ocrx_word' id='word_1_208' title='bbox 523 3694 653 3752; x_wconf 89' lang='lat' dir='ltr'>nomine</span> <span class='ocrx_word' id='word_1_209' title='bbox 675 3693 826 3753; x_wconf 78' lang='lat' dir='ltr'>exaudito</span> <span class='ocrx_word' id='word_1_210' title='bbox 848 3695 970 3752; x_wconf 91' lang='lat' dir='ltr'>Demea</span> <span class='ocrx_word' id='word_1_211' title='bbox 990 3694 1023 3751; x_wconf 92' lang='lat' dir='ltr'>in</span> <span class='ocrx_word' id='word_1_212' title='bbox 1045 3694 1139 3752; x_wconf 88' lang='lat' dir='ltr'>aedes</span> <span class='ocrx_word' id='word_1_213' title='bbox 1160 3691 1261 3765; x_wconf 91' lang='lat' dir='ltr'>irruit,</span> <span class='ocrx_word' id='word_1_214' title='bbox 1286 3692 1386 3762; x_wconf 84' lang='lat' dir='ltr'>Syrus</span> <span class='ocrx_word' id='word_1_215' title='bbox 1397 3689 1431 3747; x_wconf 90' lang='lat' dir='ltr'>in</span> 
     </span>
    </p>

    <p class='ocr_par' dir='ltr' id='par_1_15' title="bbox 296 3799 1433 4300">
     <span class='ocr_line' id='line_1_31' title="bbox 296 3799 750 3860; baseline 0.004 -3"><span class='ocrx_word' id='word_1_216' title='bbox 296 3799 407 3857; x_wconf 87' lang='lat' dir='ltr'>tutum</span> <span class='ocrx_word' id='word_1_217' title='bbox 429 3814 465 3857; x_wconf 89' lang='lat' dir='ltr'>se</span> <span class='ocrx_word' id='word_1_218' title='bbox 486 3799 608 3858; x_wconf 84' lang='lat' dir='ltr'>confert</span> <span class='ocrx_word' id='word_1_219' title='bbox 629 3816 660 3860; x_wconf 87' lang='lat' dir='ltr'>v.</span> <span class='ocrx_word' id='word_1_220' title='bbox 683 3801 750 3860; x_wconf 81' lang='grc'>784.</span> 
     </span>
     <span class='ocr_line' id='line_1_32' title="bbox 481 3905 883 3981; baseline 0.005 -17"><span class='ocrx_word' id='word_1_221' title='bbox 481 3905 560 3980; x_wconf 77' lang='lat' dir='ltr'>Quid</span> <span class='ocrx_word' id='word_1_222' title='bbox 581 3922 635 3980; x_wconf 78' lang='lat' dir='ltr'>epo</span> <span class='ocrx_word' id='word_1_223' title='bbox 655 3923 740 3966; x_wconf 79' lang='lat' dir='ltr'>nunc</span> <span class='ocrx_word' id='word_1_224' title='bbox 761 3908 883 3981; x_wconf 75' lang='lat' dir='ltr'>aqam?</span> 
     </span>
     <span class='ocr_line' id='line_1_33' title="bbox 397 4011 1318 4086; baseline -0.002 -16"><span class='ocrx_word' id='word_1_225' title='bbox 397 4011 469 4071; x_wconf 84' lang='lat' dir='ltr'>Nisi</span> <span class='ocrx_word' id='word_1_226' title='bbox 489 4013 569 4071; x_wconf 77' lang='lat' dir='ltr'>dum</span> <span class='ocrx_word' id='word_1_227' title='bbox 589 4013 646 4072; x_wconf 79' lang='lat' dir='ltr'>hae</span> <span class='ocrx_word' id='word_1_228' title='bbox 667 4015 813 4073; x_wconf 80' lang='lat' dir='ltr'>silescunt</span> <span class='ocrx_word' id='word_1_229' title='bbox 834 4013 944 4074; x_wconf 81' lang='lat' dir='ltr'>turbae</span> <span class='ocrx_word' id='word_1_230' title='bbox 966 4014 1084 4072; x_wconf 83' lang='lat' dir='ltr'>intereo</span> <span class='ocrx_word' id='word_1_231' title='bbox 1105 4013 1139 4072; x_wconf 79' lang='lat' dir='ltr'>in</span> <span class='ocrx_word' id='word_1_232' title='bbox 1161 4012 1318 4086; x_wconf 74' lang='lat' dir='ltr'>capulum</span> 
     </span>
     <span class='ocr_line' id='line_1_34' title="bbox 398 4117 1359 4194; baseline -0.001 -17"><span class='ocrx_word' id='word_1_233' title='bbox 398 4117 512 4192; x_wconf 83' lang='lat' dir='ltr'>Aliquo</span> <span class='ocrx_word' id='word_1_234' title='bbox 534 4119 646 4179; x_wconf 84' lang='lat' dir='ltr'>obeam</span> <span class='ocrx_word' id='word_1_235' title='bbox 667 4123 759 4194; x_wconf 82' lang='lat' dir='ltr'>cique</span> <span class='ocrx_word' id='word_1_236' title='bbox 779 4121 990 4179; x_wconf 83' lang='lat' dir='ltr'>edormiscam</span> <span class='ocrx_word' id='word_1_237' title='bbox 1010 4120 1063 4178; x_wconf 86' lang='lat' dir='ltr'>hoc</span> <span class='ocrx_word' id='word_1_238' title='bbox 1083 4120 1149 4179; x_wconf 87' lang='grc'><strong>01111</strong></span> <span class='ocrx_word' id='word_1_239' title='bbox 1157 4137 1167 4178; x_wconf 92' lang='grc'>.·</span> <span class='ocrx_word' id='word_1_240' title='bbox 1187 4119 1231 4178; x_wconf 88' lang='lat' dir='ltr'>sic</span> <span class='ocrx_word' id='word_1_241' title='bbox 1252 4132 1359 4191; x_wconf 74' lang='lat' dir='ltr'>opum.</span> 
     </span>
     <span class='ocr_line' id='line_1_35' title="bbox 335 4223 1433 4300; baseline 0.003 -19"><span class='ocrx_word' id='word_1_242' title='bbox 335 4224 469 4282; x_wconf 87' lang='lat' dir='ltr'>Interim</span> <span class='ocrx_word' id='word_1_243' title='bbox 483 4223 1433 4300; x_wconf 52' lang='grc' dir='ltr'><strong>01111Μ101008001101000011100100οθοω0100111ον181</strong></span> 
     </span>
    </p>
   </div>
   <div class='ocr_carea' id='block_1_3' title="bbox 0 0 1702 5046">
    <p class='ocr_par' dir='ltr' id='par_1_16' title="bbox 0 0 1702 5046">
     <span class='ocr_line' id='line_1_36' title="bbox 0 0 1702 5046; baseline 0 0"><span class='ocrx_word' id='word_1_244' title='bbox 0 0 1702 5046; x_wconf 95' lang='lat' dir='ltr'> </span> 
     </span>
    </p>
   </div>
  </div>
 </body>
</html>
