3368 5046
821 538 858 596 61

314 726 556 800 Recognoscam
580 739 666 783 nunc
689 724 765 797 iam,
788 739 871 797 quae
892 725 931 783 ab
955 724 1025 783 aliis
1045 724 1079 783 in
1101 724 1261 784 diversam
1282 726 1408 800 partem

274 831 439 906 disputata
453 832 539 906 sunt,
555 831 618 906 qui,
633 846 709 890 curn
724 831 846 905 optime
859 830 1073 904 intelligerent
1087 847 1218 906 prorsus
1228 833 1410 892 incredibile

274 954 346 998 1111
374 939 457 1013 apud
484 939 694 998 Menandrum
721 953 833 996 senem
858 938 989 996 omnino
1011 952 1075 997 non
1095 939 1255 998 restitisse
1275 940 1407 1014 nuptiis,

273 1046 334 1105 sibi
358 1047 587 1120 persuaserunt
609 1044 702 1104 facile
723 1043 953 1116 difficultatem,
977 1060 1076 1118 quam
1097 1046 1228 1118 praebet
1250 1047 1408 1106 scholium

271 1137 499 1226 Donatianuni,
532 1151 699 1211 sublatum
729 1151 776 1223 iri,
809 1151 837 1208 si
869 1151 1050 1210 statuerent
1083 1151 1166 1225 apud
1198 1153 1408 1212 Menandrum

271 1259 443 1334 paullisper
464 1259 562 1332 atque
582 1257 741 1317 imbecille
761 1272 873 1316 senem
895 1257 1025 1331 nuptias
1048 1272 1226 1318 recusasse.

311 1365 424 1425 1111111
444 1381 474 1440 p.
496 1367 544 1425 31.
567 1365 658 1426 dicit:
683 1364 812 1439 ,Merito
833 1365 958 1437 mirere,
974 1364 1057 1438 apud
1071 1365 1281 1424 Menandrum
1296 1380 1407 1424 senem

272 1473 311 1531 de
330 1473 451 1547 nuptiis
472 1487 536 1532 non
557 1471 694 1545 gravari,
717 1471 801 1543 qnod
822 1486 952 1545 prorsus
974 1472 1023 1531 est
1045 1472 1158 1531 contra
1180 1473 1294 1532 artem.
1322 1472 1407 1531 Nam

271 1579 303 1638 id
325 1581 438 1654 agitur,
461 1580 497 1638 ut
519 1579 690 1652 exsuperet
713 1577 847 1636 fratrem
867 1578 1060 1636 liberalitate
1074 1579 1106 1636 et
1121 1579 1276 1638 comitate
1286 1579 1407 1638 Demea

271 1686 366 1759 idque
385 1687 422 1745 ut
443 1686 534 1745 Micio
557 1700 651 1758 aegre
672 1684 753 1743 serat
775 1685 826 1743 vel
848 1687 934 1743 certe
955 1685 1092 1744 nimium
1136 1686 1307 1744 arbitretur
1326 1701 1406 1746 esse.

272 1793 468 1867 Quapropter
489 1793 521 1850 11
543 1793 571 1848 V
592 1793 620 1850 8.
643 1793 670 1851 1.
692 1791 904 1850 subirascitur
924 1793 1072 1866 Demeae,
1089 1792 1173 1864 quod
1187 1792 1215 1850 is
1231 1793 1406 1852 maceriam

270 1899 303 1957 in
331 1900 424 1958 horto
452 1898 532 1957 dirui
560 1899 699 1957 iusserat
726 1898 754 1954 V
783 1901 810 1959 7.
837 1900 883 1972 10,
914 1899 946 1956 11
967 1898 995 1955 V
1017 1901 1045 1958 7.
1067 1899 1104 1958 21
1126 1899 1248 1957 invitus
1270 1899 1406 1972 Hegioni

272 2006 411 2080 agellum
433 2006 576 2066 concedit
595 2007 627 2064 et
645 2005 673 2062 V
691 2007 719 2065 9.
738 2005 1406 2079 1111111111111111111111111111111

272 2129 365 2187 aegre
392 2113 545 2172 concedit.
589 2113 682 2171 Hanc
711 2113 750 2171 ob
779 2112 1038 2170 1111111111111
1060 2113 1181 2186 nuptiis
1204 2113 1406 2185 aliquantum

271 2221 357 2279 certe
387 2220 540 2293 refragari
561 2234 673 2277 senem
694 2233 824 2292 prorsus
845 2233 978 2277 1111111
999 2219 1058 2278 111.
1103 2220 1272 2278 Praeterea
1294 2220 1405 2278 autem

270 2326 298 2384 si
324 2326 407 2400 apud
428 2326 638 2384 Menandrum
660 2326 789 2385 omnino
811 2340 874 2384 non
896 2325 1024 2399 gravari
1046 2340 1157 2384 111111
1179 2326 1282 2384 dicere
1303 2326 1405 2385 voluit

270 2433 454 2503 scholiasta,
486 2447 542 2490 cur
573 2432 605 2490 id
637 2432 804 2492 adnotavit
833 2433 873 2491 ad
901 2448 931 2492 v.
962 2434 1008 2506 15,
1038 2447 1102 2491 non
1132 2433 1178 2506 10,
1201 2433 1255 2490 ubi
1277 2433 1405 2505 gravari

269 2539 360 2598 Micio
390 2539 525 2613 incipit?
566 2539 703 2612 Scilicet,
736 2539 811 2612 quia
842 2555 904 2598 non
938 2539 1075 2612 scripsit,
1108 2553 1191 2611 quae
1221 2553 1281 2597 nos
1312 2539 1405 2597 hodie

268 2645 415 2720 legimus
438 2646 494 2704 sed
515 2660 579 2705 non
600 2648 756 2719 tantopere
777 2661 889 2704 senem
912 2647 969 2705 aut
991 2646 1052 2705 alio
1073 2646 1162 2705 modo
1182 2646 1310 2718 gravari
1322 2646 1404 2718 apud

269 2751 508 2811 Menandrum”.

310 2860 413 2935 Quam
434 2859 556 2918 lubrica
578 2860 610 2916 et
631 2858 831 2918 infructuosa
852 2859 896 2917 sit
917 2860 996 2918 hacc
1014 2860 1096 2919 ratio
1112 2859 1277 2933 supplendi
1291 2859 1403 2917 textus

270 2966 419 3039 antiquos
441 2981 481 3023 ex
497 2965 651 3040 opinione,
667 2981 767 3038 quam
778 2966 869 3024 nobis
881 2963 1036 3025 finximus
1048 2967 1086 3025 de
1096 2965 1250 3039 probabili
1260 2966 1404 3024 locorum

269 3073 439 3146 sententia,
472 3073 522 3131 hic
554 3073 657 3132 denuo
689 3073 830 3146 apparet,
863 3088 938 3131 cum
964 3074 1075 3132 lhnius
1097 3073 1158 3132 dno
1180 3073 1404 3146 supplementa

268 3180 433 3253 proponat,
468 3194 674 3253 nequaquam
708 3179 827 3237 similia
859 3181 891 3238 et
923 3179 1096 3240 Nenciniua
1126 3180 1261 3237 tertium
1292 3193 1402 3237 rursus

269 3286 440 3358 diversum,
475 3286 528 3358 qui
555 3287 603 3344 ita
630 3285 866 3344 restituendum
894 3287 1004 3346 censet
1029 3287 1202 3348 scholium:
1228 3301 1343 3361 ,senex
1366 3287 1404 3344 de

269 3393 362 3462 [hinc]
403 3393 499 3456 ld'ora
536 3393 569 3450 in
607 3393 667 3467 poi)
699 3393 820 3467 nuptiis
841 3408 905 3452 non
926 3394 1100 3466 gravatur'’
1123 3394 1192 3452 sive
1215 3392 1398 3466 ,1111111111”ι

269 3500 431 3574 Reputare
458 3514 517 3558 nos
545 3499 632 3557 iubet
660 3515 690 3573 p.
717 3502 774 3558 145
798 3497 1402 3575 ,111111111ρετικὼς111111111111111

271 3605 408 3663 adaucta
445 3607 657 3680 repugnantia
694 3606 780 3664 senis
815 3606 877 3665 nisi
908 3606 947 3664 de
978 3605 1197 3664 additamento
1228 3603 1402 3663 manifesto

271 3713 367 3784 atque
387 3712 473 3771 intra
490 3713 594 3772 certos
612 3711 693 3772 fines
718 3713 895 3772 constituto
917 3709 1013 3770 fidem
1035 3711 1169 3784 laciat;”
1191 3726 1221 3770 v.
1243 3712 1402 3770 938-944

268 3817 366 3890 igitur
394 3819 519 3878 additos
545 3833 617 3877 esse
638 3835 658 3877 a
679 3819 837 3879 Terentio.
879 3818 1003 3877 Laudat
1027 3819 1066 3877 ad
1086 3819 1169 3877 hanc
1191 3833 1286 3876 suam
1308 3817 1402 3891 opini-

270 3940 366 3984 onem
397 3923 591 3985 firmandam
622 3927 740 3986 Donati
771 3926 929 3985 scholium
962 3927 1009 3985 ΙΙΙ
1040 3929 1068 4000 4,
1101 3926 1248 3998 Hecyrae
1276 3925 1403 3984 fabulae

269 4032 501 4105 praemissum:
531 4033 581 4106 ,in
610 4034 671 4092 hac
699 4048 804 4108 scena,
828 4033 926 4092 donec
950 4033 1115 4107 perveniat
1137 4032 1177 4090 ad
1200 4031 1402 4104 Pamphilam

270 4138 436 4212 Parmeno,
472 4139 531 4197 hoc
570 4131 687 4214 εὕρημα
719 4140 888 4214 inducitur,
921 4155 995 4197 cum
1026 4140 1086 4198 hoc
1118 4138 1305 4210 ostenditur,
1328 4137 1402 4209 quid

269 4244 348 4302 mali
367 4245 412 4304 sit
432 4245 626 4318 navigatio''.
647 4247 740 4305 Unde
753 4247 814 4305 lroc
828 4246 959 4305 tanturn
970 4246 1041 4304 tuto
1054 4244 1260 4304 efficerelicet
1271 4244 1401 4316 poetam
