3386 5046
619 961 1052 1070 ΡΒΑΕΡΑΤΙΟ.

305 1552 509 1613 Comicorum
530 1551 705 1610 latinorum
728 1565 824 1624 opera
846 1550 942 1624 digna
963 1549 1040 1608 sunt
1061 1549 1132 1623 ipsa
1153 1564 1208 1623 per
1222 1564 1258 1608 se
1272 1551 1400 1624 propter
1509 1549 1514 1560 ‘

264 1659 423 1719 sermonis
452 1657 627 1732 puritatem
656 1658 689 1715 et
718 1658 901 1731 argumenti
926 1655 1134 1716 artificiosam
1159 1657 1398 1731 tractationem,

264 1781 401 1839 quorum
445 1764 552 1824 studio
597 1764 737 1823 multam
779 1779 911 1838 operam
952 1763 1129 1837 impendas,
1173 1763 1228 1821 sed
1269 1764 1399 1838 insuper

263 1872 499 1946 pretiosissima
519 1872 605 1945 sunt,
628 1872 712 1944 quod
733 1886 849 1944 graeca
870 1870 1037 1931 comoedia
1058 1885 1145 1930 nova
1162 1871 1255 1929 unice
1272 1885 1327 1944 per
1344 1870 1399 1929 illa

264 1979 476 2053 cognoscitur.
519 1979 593 2036 Sive
619 1993 695 2037 vero
724 1979 796 2051 quis
824 1978 990 2037 notionem
1013 1978 1121 2036 animo
1144 1977 1205 2036 sibi
1225 1976 1400 2036 informare

262 2086 332 2145 vult
362 2086 400 2144 de
426 2086 597 2159 poetarum
624 2084 800 2144 latinorum
828 2084 1029 2160 praestantia
1050 2084 1119 2142 sive
1140 2083 1179 2142 de
1199 2098 1396 2158 graecorum,

263 2207 395 2250 necesse
423 2193 482 2264 est,
511 2192 548 2250 ut
573 2192 660 2265 prius
682 2193 832 2250 accurate
852 2191 983 2265 indaget
1006 2191 1103 2264 atque
1125 2176 1294 2266 discernat,
1316 2205 1399 2263 quae

262 2300 405 2374 profecta
429 2300 495 2358 sint
517 2314 537 2358 a
557 2299 653 2373 poete
674 2313 787 2372 graeco
810 2313 933 2371 quaeve
954 2297 1130 2356 debeantur
1150 2297 1266 2371 poetae
1285 2296 1396 2358 latino.

263 2406 416 2481 Quocirca
448 2405 528 2464 duas
561 2405 701 2464 Terentii
735 2404 860 2463 fabulas
892 2405 972 2463 mihi
990 2404 1138 2488 sumpsi,
1171 2403 1331 2477 Adelphos
1365 2404 1396 2462 et

262 2512 427 2586 Andriam,
449 2513 481 2572 in
500 2512 616 2584 quibus
634 2526 830 2584 quaererem,
850 2511 1010 2584 quomodo
1029 2511 1141 2570 auctor
1158 2510 1279 2569 latinus
1292 2525 1397 2568 exem·

263 2619 331 2692 plar
361 2634 458 2677 suurn
486 2619 671 2691 tractasset,
701 2619 869 2692 minutias,
900 2633 983 2691 quae
1010 2618 1113 2690 primo
1142 2617 1258 2676 obtutu
1288 2616 1421 2679 futiles

262 2725 361 2783 videri
382 2726 524 2799 possent,
546 2741 610 2784 non
632 2725 832 2798 dedignatus

303 2833 402 2891 Poeta
438 2832 548 2890 autem
583 2832 704 2890 latinus
739 2833 786 2890 ita
820 2832 853 2890 in
885 2846 1068 2890 sermonem
1100 2830 1242 2904 patrium
1273 2831 1397 2889 vertere

262 2939 388 3013 poterat
427 2938 570 2997 fabulam
608 2953 768 3012 graecam,
805 2939 841 2997 ut
877 2938 1064 2998 oeconomia
1099 2938 1130 2995 et
1166 2937 1398 3010 compositione

262 3047 411 3104 universe
432 3046 562 3103 servata
583 3061 639 3119 pro
661 3045 840 3119 sententiis
862 3044 1047 3118 proverbiis,
1062 3044 1277 3103 locutionibus
1292 3044 1397 3103 vitam

261 3167 412 3226 graecam
436 3153 529 3211 unice
552 3153 760 3225 sapientibus,
785 3152 888 3210 latina
909 3151 1129 3224 substitueret,
1152 3165 1396 3223 nonnumquam

260 3257 316 3332 ita,
342 3258 379 3316 ut
400 3258 576 3331 soliloquiis
597 3259 700 3332 longis
721 3273 892 3332 personam
914 3258 1148 3330 colloquentem
1169 3257 1333 3332 insereret,
1356 3271 1396 3315 ne

260 3366 346 3425 iusto
369 3365 539 3438 ampliores
561 3380 727 3425 sermones
749 3365 970 3439 spectatorum
990 3364 1135 3422 taedium
1157 3364 1334 3424 moverent.
1348 3359 1367 3434 1)

301 3473 360 3530 illa
384 3473 510 3531 ratione
530 3473 665 3531 Luscius
684 3473 871 3531 Lanuvinus
894 3471 1053 3544 amicique
1073 3471 1124 3533 usi
1145 3485 1217 3528 esse
1236 3469 1394 3543 videntur,

260 3579 418 3652 siquidem
448 3579 617 3638 Terentius
644 3580 677 3638 in
705 3579 845 3637 Andriae
872 3578 1000 3652 prologo
1029 3593 1060 3638 v,
1084 3579 1199 3636 19—21
1229 3577 1395 3635 incorum

263 3662 456 3759 ,obscuram
474 3684 692 3758 diligentiam''
713 3685 884 3743 invehitur.
925 3684 1005 3742 Vide
1025 3683 1160 3744 ibidem:

322 3791 380 3866 Qui
403 3806 502 3863 quom
525 3791 609 3849 hunc
632 3791 796 3865 accusant,
819 3791 978 3849 Naevium
1001 3789 1153 3848 Plautum
1175 3788 1315 3849 Ennium

320 3898 494 3972 Accusant,
517 3913 598 3970 quos
619 3898 670 3956 hic
691 3898 801 3957 noster
824 3899 971 3957 auctores
993 3896 1100 3970 habet,

321 4006 462 4081 Quorum
485 4005 640 4064 aemulari
662 4005 796 4079 exoptat
818 4004 1054 4078 neglegentiam

321 4112 432 4171 Potius
454 4128 553 4185 quam
574 4101 713 4171 istorum
735 4112 907 4171 obscuram
929 4110 1137 4184 diligentiam.

293 4251 314 4316 1)
351 4252 391 4309 ef.
410 4253 483 4310 Don.
502 4254 538 4308 ad
556 4253 630 4308 Eun.
649 4253 722 4308 112.
741 4253 784 4308 23.
803 4253 891 4307 1114.
912 4253 934 4307 1.
954 4253 990 4307 ad
1008 4250 1130 4306 Andri
1148 4249 1173 4304 1.
1193 4249 1235 4304 27.
