3386 5046
833 560 911 634 ar,

282 748 452 808 Menander
481 748 525 805 ist
557 746 607 804 die
638 746 742 819 raptio
773 745 928 819 psaltriae
955 745 1072 804 ebenso
1103 745 1345 820 Veranlassung
1365 748 1421 807 der

282 869 405 928 ganzen
434 853 602 928 doppelten
623 851 797 926 Handlung
818 853 882 911 und
905 851 972 911 also
994 853 1280 926 gewissermassen
1302 854 1420 913 Grund·
1504 919 1505 923 ,

282 961 354 1035 lage
375 960 430 1019 des
451 961 572 1018 Drama
589 974 746 1033 gewesen‚
770 960 845 1018 aber
859 959 947 1017 nicht
963 959 1022 1017 aui
1033 959 1087 1017 der·
1100 960 1213 1018 Buhne
1223 960 1418 1035 dargestellt‚

282 1068 420 1127 sondern
451 1066 538 1126 bloss
568 1067 615 1125 im
647 1066 808 1140 Gespriich
830 1064 999 1124 erzahlend
1020 1067 1182 1127 erwahnt:
1205 1082 1298 1126 wozu
1319 1069 1419 1127 sehon

283 1174 332 1233 die
359 1173 593 1246 Beschreibung
620 1173 675 1231 des
702 1174 823 1231 Demea
845 1174 859 1231 Ι
885 1172 1014 1232 0801.
1037 1173 1192 1246 ungeftihr
1213 1174 1418 1235 hinreichte”.

284 1279 436 1340 sufficere
457 1281 485 1339 ei
506 1280 632 1339 videtur
653 1280 693 1338 ad
715 1280 1007 1339 commendandam
1030 1280 1128 1352 atque
1150 1281 1228 1340 adeo
1246 1281 1420 1354 praeferen-

283 1389 359 1447 dam
400 1401 535 1462 graecae
566 1387 694 1446 fabulae
724 1385 871 1460 latinam,
904 1387 932 1444 si
963 1386 1144 1459 raptionem
1176 1387 1301 1460 puellae
1336 1388 1419 1461 apud

282 1495 491 1554 Menandrum
518 1494 747 1554 tantummodo
776 1494 943 1552 narratam
967 1509 1039 1552 esse
1060 1509 1079 1552 a
1097 1495 1217 1552 Demea
1239 1509 1418 1554 censemus

282 1604 326 1661 At
347 1603 419 1675 quis
440 1617 572 1660 scenam
594 1599 731 1659 alteram
753 1599 959 1674 appellaverit
982 1599 1109 1660 fabulae
1133 1601 1384 1675 ,principium”?

321 1709 417 1768 Viam
445 1709 538 1782 longe
565 1708 725 1766 diversam
750 1709 915 1781 ingressus
938 1709 988 1766 est
1011 1706 1041 1767 d.
1064 1707 1099 1768 F.
1122 1708 1329 1768 Hermotimus
1351 1707 1418 1768 lnd.

281 1815 354 1876 lect.
380 1816 443 1875 hib.
472 1816 621 1889 Marburg
650 1816 743 1874 1838:
773 1814 942 1875 Contendit
963 1815 1071 1873 totum
1100 1815 1210 1873 actum
1231 1815 1417 1887 secundum,

282 1924 319 1981 ut
340 1937 424 1982 0000
446 1923 578 1996 obtinet,
602 1921 742 1980 defuisse
764 1921 939 1994 exemplari
960 1922 1149 1983 Menandreo
1172 1923 1270 1995 atque
1290 1938 1327 1982 eo
1348 1923 1418 1982 loco

282 2031 412 2104 raptum
443 2029 552 2103 ipsum
580 2028 807 2102 interpositum
836 2028 936 2087 fuisse
957 2029 1086 2087 embolii
1105 2029 1218 2103 instar,
1240 2031 1276 2088 ut
1298 2031 1419 2104 specta·

281 2136 390 2194 torum
432 2136 541 2194 oculos
583 2150 740 2208 auresque
771 2134 944 2193 delectaret
975 2137 1070 2209 poeta
1102 2136 1219 2194 festiva
1253 2136 1419 2210 lepidaque

282 2257 387 2316 scena,
419 2243 503 2300 inter
534 2243 658 2300 ceteras
689 2241 815 2301 fabulae
843 2243 951 2316 partes
981 2243 1143 2303 eminenti.
1166 2244 1316 2316 Sequitur
1335 2244 1417 2316 inde,

281 2349 421 2407 Demeae
441 2349 539 2407 verba
561 2349 599 2407 de
619 2349 770 2408 Aeschini
791 2349 910 2407 scelere
931 2350 956 2409 Ι.
978 2351 1005 2422 2,
1029 2364 1112 2422 quae
1122 2365 1206 2408 nunc
1218 2350 1419 2424 explicantur

283 2454 358 2512 actu
399 2455 547 2528 secundo,
592 2455 675 2528 apud
713 2455 922 2513 Menandrum
962 2455 1054 2513 aliter
1093 2455 1266 2528 explanata
1309 2454 1417 2514 fuisse.

282 2561 446 2620 Persuasit
469 2563 580 2620 autem
605 2562 665 2620 sibi
686 2562 735 2619 vir
760 2562 797 2622 cl.
820 2577 927 2620 rerum
947 2562 1185 2620 anteactarum
1200 2561 1417 2620 narrationem

282 2667 411 2741 prologo
433 2668 702 2727 committendam
722 2683 793 2726 esse
808 2669 905 2741 atque
920 2668 1086 2741 prologum
1098 2683 1162 2727 non
1174 2683 1248 2726 eum
1259 2667 1417 2742 intelligit,

282 2789 378 2847 quem
396 2789 480 2832 nunc
503 2775 586 2848 apud
607 2775 737 2848 poetam
759 2776 907 2834 nostrum
929 2775 1085 2849 videmus,
1102 2775 1158 2832 sed
1173 2775 1416 2848 expositionem,

281 2881 315 2938 in
346 2896 409 2954 qua
441 2882 612 2939 narrantur
638 2897 685 2955 ea,
708 2882 823 2955 quibus
846 2882 930 2941 actio
955 2883 1069 2940 nititur
1090 2882 1122 2939 et
1144 2896 1227 2954 quae
1249 2896 1419 2954 apersona

282 2988 422 3060 quadam
437 2989 600 3048 recitatur.
615 2988 698 3047 Dicit
710 3005 739 3062 p.
754 2991 774 3048 4
791 2989 958 3063 ,Syrum”,
973 2989 1024 3047 cui
1038 2988 1160 3062 prologi
1173 2989 1282 3062 partes
1296 2988 1417 3061 tribuit,

284 3095 460 3170 ,Aeschino
482 3110 557 3154 cum
578 3096 692 3155 lenone
714 3096 752 3154 ad
775 3095 880 3155 forum
906 3096 1056 3170 digresso,
1080 3110 1155 3154 cum
1177 3096 1368 3168 Ctesiphone
1387 3096 1418 3153 et

284 3202 435 3276 „psaltria
457 3203 590 3261 domum
611 3202 743 3261 rediisse
763 3203 876 3276 hisque
893 3202 1099 3275 intromissis,
1114 3217 1197 3275 quae
1212 3203 1295 3277 apud
1308 3203 1419 3261 Teren·

284 3309 384 3383 ,tium
420 3324 456 3367 se
486 3324 561 3367 cum
592 3309 726 3368 Micione
757 3311 862 3383 egisse
893 3310 959 3369 llll.
992 3312 1021 3370 3.
1054 3311 1111 3381 10.)
1144 3310 1255 3384 paucis
1286 3311 1418 3368 tantum

284 3417 420 3489 ,narrat
449 3415 512 3474 illic
540 3416 684 3490 pluribus
713 3417 788 3475 ante
809 3418 1030 3490 spectatorum
1053 3417 1162 3476 oculos
1184 3418 1296 3490 egisse,
1320 3417 1418 3476 donec

284 3523 422 3596 ,Demea
443 3523 632 3581 adveniente
657 3524 736 3583 duos
758 3523 873 3582 fratres
895 3523 980 3583 solos
1001 3525 1112 3598 iurgiis
1134 3525 1202 3582 suis
1217 3523 1417 3597 relinqueret.

284 3629 341 3704 ,Et
369 3630 537 3689 Micionem
559 3630 687 3703 quidem
707 3631 815 3690 totam
836 3631 926 3690 illam
948 3629 1003 3688 lilii
1023 3631 1185 3689 tractandi
1206 3624 1365 3690 rationem
1387 3632 1418 3689 00

283 3736 498 3811 ,institutum
539 3737 623 3811 quod
656 3737 738 3811 apud
771 3738 958 3797 Terentium
989 3738 1077 3796 solus
1110 3753 1221 3796 secum
1250 3738 1416 3812 eloquitur,

284 3843 402 3916 ,etiarn
424 3844 504 3916 Syro
526 3859 685 3918 exponere
699 3845 851 3918 potuisse,
871 3861 935 3904 000
949 3846 1009 3918 000,
1025 3844 1109 3918 quod
1120 3843 1233 3903 multis
1245 3844 1418 3904 doceamus

283 3964 403 4023 ,neque
433 3951 504 4024 ipsa
534 3950 589 4010 illa
620 3967 703 4024 quae
732 3952 766 4009 in
798 3953 902 4026 prima
934 3951 1042 4010 fabula
1064 3966 1176 4010 secum
1196 3952 1265 4026 ipse
1286 3952 1417 4010 tanturn

283 4055 386 4129 ,loqui
418 4058 534 4132 potest,
569 4074 588 4116 a
619 4059 790 4118 Menandro
820 4059 923 4117 aliena
945 4059 1102 4133 ducimus,
1125 4059 1220 4118 modo
1241 4074 1282 4117 ne
1302 4059 1417 4117 statim

283 4163 509 4235 ,conspectum
532 4165 571 4222 ab
594 4179 630 4223 eo
653 4165 771 4236 syrum
793 4165 1010 4226 statuamus&

323 4269 433 4342 ,Hanc
465 4285 607 4330 errorum
638 4271 760 4330 telam”
792 4272 919 4345 penitus
952 4272 1149 4345 dispulerunt
1181 4271 1292 4331 lhnius
1316 4287 1346 4345 p.
1368 4272 1415 4344 34,
