3386 5046
822 518 861 576 38

275 706 390 764 Mirum
418 720 509 778 porro
532 705 626 778 esset,
650 704 677 761 si
700 703 847 763 Sostrata
869 717 982 762 casum
1004 703 1075 762 tam
1097 719 1239 778 gravem,
1263 717 1409 764 amorem

274 812 423 871 illicitum
455 812 486 869 et
517 811 745 884 graviditatem
777 809 870 884 tiliae,
903 824 958 883 per
989 811 1039 868 tot
1072 825 1200 868 menses
1226 811 1408 870 reticuisset

277 919 381 978 amico
413 918 514 991 unico,
549 917 620 992 ,qui
649 931 707 975 nos
729 915 827 975 coluit
849 916 1035 989 maxume'',
1059 917 1091 974 et
1113 932 1150 976 ea
1171 931 1255 975 nunc
1278 917 1409 974 demum

276 1041 339 1084 non
355 1025 426 1099 ipsa
437 1025 532 1083 caute
543 1025 574 1082 et
586 1023 825 1097 pedetemptim,
839 1023 895 1081 sed
907 1025 1041 1096 abrupte
1052 1039 1107 1096 per
1118 1039 1249 1081 servum
1262 1023 1407 1096 aperiret.

276 1132 421 1191 Profecto
443 1132 613 1204 expectare
633 1130 768 1189 debebat
790 1145 901 1188 senem
923 1129 962 1188 de
972 1131 1063 1203 gravi
1075 1145 1108 1188 re
1119 1131 1245 1189 tamdiu
1257 1130 1407 1202 celatum,

275 1239 407 1298 nonita
428 1239 614 1311 promptum
638 1237 704 1296 fore
726 1237 765 1296 ad
787 1237 947 1296 auxilium
968 1237 1030 1310 ipsi
1052 1237 1228 1297 serendum.

315 1345 487 1404 Nencinius
510 1346 619 1403 autem
641 1345 714 1417 post
735 1345 833 1402 verba
855 1344 950 1404 modo
973 1344 1072 1402 allata
1094 1344 1214 1403 mirum
1232 1343 1265 1402 in
1275 1343 1409 1403 modum

277 1453 323 1510 sio
354 1453 470 1525 pergit:
504 1451 680 1526 „Quoniam
712 1465 786 1510 vero
819 1450 896 1508 nihil
928 1465 1046 1509 causae
1077 1452 1136 1524 est,
1170 1465 1225 1509 cur
1256 1451 1296 1525 id,
1326 1451 1410 1524 quod

278 1559 446 1618 Terentius
467 1559 593 1632 vitavit,
618 1557 783 1616 admiserit
804 1557 974 1616 Menander
1000 1589 1028 1596 —
1055 1573 1159 1631 neque
1180 1557 1266 1616 enim
1280 1557 1409 1616 vincula

277 1666 475 1740 cognationis
497 1665 580 1723 inter
591 1664 725 1723 fratrem
736 1678 943 1738 sororemque
953 1665 1089 1722 Athenis
1101 1665 1133 1722 et
1145 1665 1270 1724 Romae
1281 1665 1408 1723 diversa

278 1773 378 1831 fuisse
408 1772 536 1832 constat
563 1803 591 1810 —
617 1772 686 1829 iure
707 1771 816 1845 quaeri
837 1772 954 1844 potest,
979 1785 1034 1828 cur
1056 1771 1158 1845 Hegio
1181 1771 1264 1844 apud
1285 1772 1409 1830 Menan-

278 1880 371 1938 drum
393 1893 537 1938 amorem
559 1877 708 1936 Aeschini
730 1878 762 1935 et
777 1877 964 1951 Pamphilae
978 1877 1031 1935 diu
1041 1878 1245 1952 ignoraverit,
1258 1879 1408 1950 quamvis

277 1987 401 2060 puellae
429 1985 606 2044 avunculus
629 1985 724 2044 esset.
747 1985 816 2044 Hoc
839 1984 930 2043 aliter
953 1984 1104 2058 explicari
1125 1985 1236 2059 nequit
1259 1983 1408 2057 quamsi

278 2093 379 2166 Hegio
411 2093 520 2152 omnia
551 2092 589 2149 de
621 2106 730 2150 amore
760 2091 814 2151 illo
841 2091 923 2165 apud
944 2091 1153 2150 Menandrum
1175 2092 1257 2150 satis
1279 2091 1408 2164 cognita

277 2199 429 2258 habuisse
450 2199 588 2272 putetur.
609 2200 654 2258 At
665 2199 693 2256 si
704 2198 787 2272 apud
799 2198 1006 2256 Menandrum
1018 2199 1119 2271 Hegio
1132 2198 1230 2256 frater
1242 2198 1409 2258 Sostratae

279 2306 339 2364 fuit
350 2307 502 2379 novitque
512 2306 609 2378 probe
619 2305 723 2379 neptis
733 2320 887 2379 amorem,
898 2305 997 2363 etiarn
1005 2305 1168 2378 quaeritur
1176 2320 1232 2364 cur
1240 2305 1408 2364 Terentius

278 2428 336 2472 nee
368 2413 500 2472 fratrem
532 2427 604 2470 esse
635 2427 709 2470 eum
734 2412 988 2485 necquidquam
1011 2412 1174 2486 deneptis
1197 2411 1410 2480 amorescire

278 2520 423 2580 voluerit.
456 2519 544 2578 Haec
573 2519 669 2578 dubia
690 2519 783 2577 facile
803 2520 1018 2594 removentur,
1041 2519 1070 2576 si
1090 2521 1202 2578 teneas
1225 2519 1409 2578 Sostratam

279 2627 362 2701 apud
382 2626 590 2685 Menandrum
612 2625 757 2699 precibus
778 2625 965 2699 Pamphilae
986 2626 1159 2685 adductam
1179 2626 1312 2700 iurasse,
1325 2625 1410 2683 sede

277 2734 357 2793 vitio
388 2732 472 2792 filiae
500 2731 590 2792 illato
622 2747 724 2805 usque
754 2732 930 2791 tacituram
960 2748 1063 2806 neque
1094 2732 1172 2792 adeo
1205 2747 1279 2790 cum
1312 2731 1410 2790 fratre

278 2841 430 2914 Hegiona
472 2840 526 2912 qui
564 2854 632 2897 11111
667 2839 806 2912 urgendo
842 2854 1045 2912 corrumpere
1078 2841 1197 2914 posset,
1234 2839 1409 2912 quidquam

279 2947 601 3020 communicaturam,
637 2948 810 3020 postquam
841 2946 1020 3006 Aeschinus
1052 2962 1178 3021 quoque
1207 2945 1409 3004 iureiurando

278 3051 475 3112 firmavisset
509 3053 569 3110 hac
601 3052 784 3112 condicione
815 3068 850 3111 se
882 3053 1023 3127 puellam
1055 3069 1189 3113 uxorem
1220 3053 1408 3124 ducturum3

279 3160 412 3219 fratrem
444 3159 554 3218 autem
582 3131 754 3218 'Sostratae
786 3175 804 3218 a
830 3161 978 3220 Terentio
1001 3161 1179 3235 Hegionem
1200 3159 1324 3218 facturn
1346 3174 1409 3218 non

278 3282 358 3341 esse,
398 3281 460 3340 quo
496 3266 653 3325 maiorem
685 3266 829 3325 mulieris
862 3268 894 3326 11
925 3267 1068 3326 Micionis
1100 3267 1232 3340 nuptiae
1261 3265 1408 3324 veritatis

278 3374 418 3448 speciem
439 3373 607 3431 habiturae
628 3375 745 3447 essent,
769 3373 797 3431 si
813 3375 961 3434 Sostrata
979 3373 1048 3434 sola
1066 3373 1267 3447 proximique
1281 3373 1409 3446 cognati

278 3480 398 3540 auxilio
429 3494 541 3538 carens
573 3480 802 3540 ostenderetur.
833 3482 924 3540 Hanc
956 3481 1042 3539 enirn
1074 3495 1209 3539 causam
1230 3479 1408 3554 praetendit

277 3588 398 3646 Demea
418 3603 448 3646 ν.
471 3587 559 3647 932.”

316 3695 362 3753 Ut
384 3694 412 3752 ei
433 3695 532 3754 moris
544 3694 602 3768 est,
616 3694 788 3753 Nencinius
801 3694 1017 3753 audacissime
1027 3695 1251 3767 quaestionem
1263 3693 1410 3752 dirimere

278 3801 414 3861 conatus
436 3801 494 3875 est,
517 3801 573 3859 sed
593 3801 640 3859 ita
661 3802 698 3858 ut
709 3815 828 3874 paucos
841 3801 1058 3860 adsentientes
1069 3801 1238 3860 habiturus
1250 3801 1303 3860 sit.
1325 3800 1411 3858 Mera

278 3907 446 3968 hariolatio
469 3908 518 3966 est
540 3907 578 3966 de
601 3907 716 3981 duplici
736 3908 947 3982 iureiurando,
970 3907 1053 3981 quod
1075 3908 1189 3966 callida
1210 3907 1315 3981 puella
1327 3905 1410 3980 apud

174 4015 178 4029 “
277 4014 485 4073 Menandrum
517 4014 757 4089 postulavisset,
790 4029 854 4074 uno
887 4015 925 4073 ab
959 4015 1113 4089 amatore,
1147 4016 1183 4073 ut
1215 4013 1408 4087 seduceret,

279 4120 379 4180 altero
401 4137 420 4180 a
440 4122 554 4196 matre,
570 4122 607 4179 ut
618 4137 658 4180 ne
669 4121 802 4180 fratrem
814 4121 944 4195 quidem
955 4120 1134 4195 Hegionem
1146 4121 1185 4179 de
1195 4135 1231 4178 se
1242 4121 1410 4179 certiorem

279 4227 406 4288 faceret.
428 4228 474 4285 De
494 4229 553 4287 hoc
574 4229 651 4289 nihil
672 4228 832 4303 novimus,
856 4228 894 4286 de
914 4228 967 4286 illo
989 4228 1199 4301 hoctantum,
1213 4227 1410 4286 Aeschinum
