3368 5046
843 521 883 580 96

298 707 479 782 sexcenties
516 707 596 766 alias
632 706 875 780 pronuntiatam
911 721 983 766 csse
1020 723 1039 767 a
1076 709 1247 770 Menandro
1280 711 1430 787 arbitrer;

298 813 491 888 quapropter
511 813 707 874 scholiastae
726 813 783 873 vix
805 814 963 874 maiorem
977 812 1073 874 fldem
1087 815 1292 875 tribuendam
1306 833 1429 894 censeo,

299 937 397 994 quam
428 920 548 980 scholio
581 921 621 980 ad
653 921 710 982 Ad.
742 921 786 979 IV
808 922 836 981 2.
858 922 906 993 38,
939 911 1116 980 secundum
1149 923 1232 995 quod
1261 924 1429 986 Terentius

296 1028 446 1088 imitatus
478 1027 527 1087 ost
552 1028 740 1096 Homerum,
767 1027 820 1100 qui
842 1027 934 1088 dicit:
970 1029 1155 1104 caprificum
1170 1043 1268 1103 prcpe
1291 1030 1429 1091 Troiano

296 1134 419 1194 moenio
440 1134 667 1195 constitutam.”
694 1135 779 1194 Nam
800 1135 884 1208 quod
905 1135 1078 1194 Nencinius
1099 1135 1185 1209 dicit,
1209 1135 1270 1210 ,sit
1291 1151 1370 1195 sane
1390 1153 1429 1196 ea

297 1241 458 1300 sententia
489 1242 671 1300 sexcenties
704 1241 783 1300 alias
806 1257 825 1300 a
846 1242 1017 1301 Menandro
1046 1241 1263 1316 pronuntiata,
1286 1243 1428 1303 atcerte

295 1348 413 1407 nonin
435 1348 612 1422 Perinthia;
634 1348 767 1421 quodsi
789 1347 913 1423 fuisset,
935 1348 1112 1408 scholiasta
1132 1364 1197 1409 non
1211 1352 1427 1410 memorasset

296 1455 517 1530 Eunuchum,”
559 1470 672 1514 verum
703 1470 767 1515 non
800 1455 859 1515 est.
892 1456 1062 1514 Praeterea
1093 1455 1182 1515 locus
1213 1456 1246 1515 in
1273 1457 1426 1517 Eunucho

294 1562 341 1621 ΙΠ
363 1564 391 1622 5.
412 1564 439 1637 5,
472 1562 556 1620 unde
575 1562 710 1621 fluxisse
730 1562 933 1636 proverbium
954 1562 1146 1636 Epicureum
1166 1563 1270 1637 putat,
1293 1563 1427 1623 minime

294 1670 453 1743 convenit,
475 1670 512 1727 ut
533 1668 709 1728 scholiasta
729 1669 858 1742 insuper
880 1683 1005 1730 errasse
1025 1669 1203 1729 censendus
1225 1669 1278 1730 sit.

332 1777 380 1834 Ex
403 1776 502 1835 altaro
524 1775 653 1849 scholio,
676 1790 773 1850 supra
794 1792 823 1850 p.
845 1777 883 1834 82
906 1791 925 1834 a
946 1790 1000 1834 me
1019 1775 1160 1849 laudato,
1183 1775 1285 1850 primo
1309 1777 1424 1836 obtutu

293 1882 492 1941 inferendum
522 1882 658 1957 videtur,
691 1883 775 1956 apud
806 1882 1025 1956 Menandrum,
1047 1883 1068 1940 i.
1090 1897 1116 1943 e.
1138 1883 1170 1941 in
1199 1882 1370 1958 Perinthia,
1392 1884 1425 1944 in

293 2003 390 2048 scena
412 1989 615 2049 Chremetem
636 1989 842 2063 despondisse
863 1988 999 2049 Charino
1021 1987 1131 2048 filiam.
1153 1989 1233 2048 Vide
1247 1990 1424 2050 Braunium

292 2111 321 2168 p.
337 2097 375 2154 12
393 2111 461 2169 sqq.
483 2096 527 2155 At
545 2095 573 2154 si
587 2097 728 2170 reputas,
750 2096 916 2169 quodiam
930 2096 1059 2170 saepius
1075 2095 1195 2170 monui,
1212 2096 1424 2157 scholiastam

293 2202 458 2276 exemplar
498 2203 629 2261 tantum
670 2203 860 2277 primarium
902 2203 1054 2262 manibus
1095 2203 1249 2274 tenuisse,
1291 2217 1342 2261 res
1376 2203 1423 2262 ita

292 2309 488 2384 expedienda
514 2310 649 2383 videtur,
679 2310 716 2369 ut
737 2309 866 2368 statuas
888 2309 996 2369 virum
1016 2308 1108 2368 illum
1130 2309 1283 2369 audacter
1306 2309 1424 2370 coniec-

291 2418 401 2477 turam
441 2417 645 2491 proposuisse
686 2416 724 2475 de
757 2416 890 2489 ratione,
932 2431 996 2488 qua
1037 2415 1218 2475 Perinthiae
1253 2414 1327 2475 finis
1361 2416 1423 2490 ipsi

291 2525 490 2598 compositus
512 2539 583 2583 esse
603 2524 772 2599 videratur,
801 2523 892 2582 Fides
914 2523 1013 2596 igitur
1034 2522 1123 2582 nulla
1144 2523 1173 2582 ei
1193 2523 1340 2582 habenda
1362 2524 1421 2584 est.

332 2632 451 2707 Quibus
489 2631 660 2705 pensitatis
694 2630 900 2689 tutissimum
934 2630 1043 2688 visum
1079 2629 1129 2688 est
1161 2645 1230 2688 rem
1262 2629 1422 2689 intactam

290 2739 474 2812 relinquere,
516 2753 715 2812 quamquam
753 2737 910 2796 maiorem
948 2735 1096 2796 veritatis
1136 2735 1276 2810 speciem
1313 2736 1420 2810 habet,

291 2845 514 2904 Perinthianas
536 2859 607 2902 esse
627 2858 741 2903 scenas
762 2842 790 2899 V
811 2845 829 2902 5
852 2844 885 2901 et
906 2845 934 2903 6.

745 3093 958 3101 ——-

329 3379 459 3438 Finibus
477 3377 682 3451 constitutis
709 3377 795 3436 intra
816 3391 895 3450 quos
917 3376 1150 3436 contaminatio
1172 3375 1345 3435 coercenda
1365 3375 1417 3450 sit,

289 3486 506 3560 quaerendum
527 3485 637 3558 etiam,
660 3499 715 3544 cur
737 3483 905 3543 Terentius
929 3483 1082 3542 addiderit
1107 3485 1167 3542 has
1188 3484 1307 3557 partes.

327 3594 434 3666 Atque
461 3593 607 3652 Donatus
638 3591 767 3664 quidem
798 3591 838 3649 ad
869 3591 900 3649 ll
932 3591 959 3650 1.
990 3591 1017 3664 1,
1055 3590 1083 3648 si
1113 3603 1225 3649 servas
1246 3589 1418 3648 lectionem

289 3699 455 3774 vulgatam
482 3695 714 3775 τραγικώτερον,
756 3695 915 3772 significat
958 3697 1157 3771 spectatores
1198 3696 1296 3755 nimis
1326 3695 1418 3754 mise·

286 3807 414 3866 raturos
443 3805 543 3865 fuisse
569 3805 777 3865 Philumenae
799 3805 929 3863 tristem
953 3805 1084 3878 sortem,
1107 3803 1136 3861 si
1156 3803 1245 3876 virgo
1267 3800 1418 3874 relinque

286 3914 383 3973 retur.
415 3912 484 3972 Hoc
515 3912 710 3972 scholiastae
740 3912 962 3972 commentum
993 3911 1062 3970 iure
1089 3910 1160 3968 risit
1191 3909 1302 3969 Ihnius
1323 3923 1353 3982 p
1379 3908 1418 3966 10

288 4020 393 4095 ,Vide
426 4035 525 4092 quam
560 4019 759 4079 luculentam
786 4019 946 4078 rationem
976 4017 1126 4076 exhibeat
1154 4014 1339 4088 scholiasta,
1361 4028 1417 4072 cur

286 4128 381 4200 poeta
421 4126 542 4185 latinus
584 4126 757 4186 Charinum
799 4124 961 4200 addiderit,
996 4139 1035 4184 nc
1068 4118 1289 4199 τραγικώτερον
1321 4121 1414 4195 ficret,

284 4231 506 4292 Philumenam
526 4234 665 4305 spretum
684 4230 831 4304 relinqui.
852 4231 945 4290 Itane
955 4231 1054 4289 vero?
1067 4229 1118 4288 An
1133 4227 1215 4289 forte
1229 4223 1416 4300 Pamphilus
