3368 5046
848 497 887 556 82

340 687 487 748 Alterum
517 684 742 745 testimonium
771 683 932 741 invenitur
965 682 1004 741 ad
1035 682 1063 739 V
1095 684 1122 742 6.
1156 683 1203 742 13.
1232 667 1335 756 Atque
1359 683 1435 742 odeo

301 795 460 868 1611916161
479 807 535 852 noe
555 791 647 851 illum
668 789 856 864 expectare.
891 789 988 864 ,Quia
1011 789 1042 847 et
1065 789 1216 848 audacter
1237 790 1269 847 et
1292 785 1435 848 artificio·

301 901 431 959 sissime
450 899 542 959 binos
565 912 690 957 amores
712 897 847 956 duorum
868 896 1119 956 adolescentium
1145 896 1176 954 et
1198 896 1290 955 binas
1305 897 1435 970 nuptias

302 1008 336 1066 in
372 1021 437 1064 una
475 1004 583 1063 fabula
620 1003 825 1062 machinatus
869 1003 918 1061 est
949 1003 981 1060 et
1013 1001 1045 1060 id
1077 1003 1170 1061 extra
1202 1003 1435 1076 praescriptum

302 1111 464 1173 Menandri
502 1111 593 1169 cuius
631 1108 832 1169 comoediam
869 1107 1100 1168 transferebat:
1138 1108 1254 1168 idcirco
1287 1109 1372 1167 aliud
1402 1109 1434 1167 in

303 1219 476 1294 proscenio,
509 1217 594 1276 aliud
624 1217 698 1290 post
728 1230 860 1274 scenam
892 1215 1026 1289 rettulit,
1058 1230 1098 1274 ne
1125 1215 1175 1274 vel
1203 1215 1290 1275 iusto
1314 1215 1436 1288 longior

304 1325 392 1384 fieret
425 1325 543 1388 (fabula
571 1323 774 1394 Ritschelius)
800 1322 850 1380 vel
874 1322 908 1380 in
933 1323 1067 1380 eandem
1099 1322 1222 1386 (eadem
1253 1322 1434 1394 Nencinius)

304 1433 431 1508 propter
461 1446 569 1502 rerum
600 1429 843 1488 similitudinem
876 1429 1019 1502 (nuptiae
1049 1429 1217 1500 Braunius)
1250 1429 1437 1503 cogerentur

303 1539 481 1612 (cogeretur
497 1536 709 1608 Nencinius)”.

345 1645 437 1705 Locis
458 1659 555 1717 supra
575 1642 715 1702 laudatis
736 1643 796 1702 hoc
817 1642 936 1700 saltem
958 1642 1114 1701 evincitur
1134 1643 1242 1717 partes
1262 1642 1335 1700 illas
1357 1641 1437 1700 duas

305 1751 444 1811 defuisse
464 1750 603 1810 Andriae
625 1749 849 1820 Menandreae;
872 1763 908 1806 ac
929 1749 958 1806 si
979 1749 1081 1808 obiter
1097 1748 1229 1808 tantum
1243 1749 1438 1808 scholiorum

306 1859 403 1917 verba
434 1857 571 1930 spectas,
604 1855 704 1914 etiam
734 1855 808 1912 inde
829 1853 949 1913 efficias
973 1855 1168 1929 Terentium,
1190 1856 1321 1928 poetam
1341 1855 1438 1928 igitur

305 1965 454 2037 latinum,
482 1963 589 2036 ipsum
618 1963 656 2020 de
682 1977 741 2021 suo
769 1959 903 2020 finxisse
926 1963 985 2020 has
1007 1961 1135 2020 fabulae
1155 1963 1273 2035 partes.
1295 1963 1343 2020 Re
1362 1976 1438 2020 vero

307 2071 489 2132 accuratius
520 2070 682 2143 pensitata
715 2069 922 2128 annuendum
952 2069 1078 2127 videtur
1109 2066 1203 2140 illisi)
1236 2069 1290 2142 qui
1320 2068 1438 2141 negant

309 2177 495 2238 Terentium
534 2177 698 2235 auctorem
730 2191 809 2250 esse,
843 2176 899 2234 sed
931 2174 1103 2235 adfirmant
1135 2191 1209 2234 eum
1240 2177 1300 2234 has
1330 2176 1438 2248 partes

308 2284 498 2342 mutuatum
520 2297 630 2340 essee
653 2282 823 2342 Perinthia.

349 2391 420 2449 Iam
440 2389 581 2464 primum
603 2388 723 2448 crimen
744 2403 846 2461 paene
865 2388 1047 2447 inauditum
1069 2387 1192 2462 fuisset,
1214 2388 1373 2461 iuvenem,
1386 2387 1439 2460 qui

309 2512 364 2572 per
394 2498 490 2556 breve
520 2496 615 2555 modo
646 2496 776 2568 tempus
809 2495 848 2553 ad
876 2495 983 2553 studia
1011 2495 1137 2554 musica
1159 2494 1373 2568 adplicaverat
1394 2509 1438 2568 se,

309 2605 363 2678 qui
377 2605 459 2662 hanc
475 2603 675 2662 comoediam
690 2602 828 2675 primam
843 2603 1063 2676 spectatorum
1072 2602 1188 2661 iudicio
1204 2601 1438 2674 committebat,

309 2727 374 2770 non
414 2710 545 2768 tantum
587 2708 827 2768 contaminasse
864 2723 995 2782 graecas
1034 2709 1168 2782 fabulas
1210 2723 1290 2782 quas
1322 2723 1441 2782 magna

310 2817 431 2892 pietate
451 2816 554 2876 colere
575 2815 625 2874 ias
647 2815 675 2873 ei
697 2816 774 2890 erat,
797 2816 975 2875 sedetiam
997 2815 1128 2874 auxisse
1150 2816 1254 2889 atque,
1276 2815 1441 2884 hominem

310 2923 576 2996 semibarbarum,
599 2922 768 2980 emendare
789 2923 885 2995 atque
906 2922 1003 2996 polire
1024 2923 1177 2982 conatum
1199 2936 1279 2979 esse.
1298 2921 1441 2996 Quantas

311 3031 424 3089 turbas
456 3029 597 3088 movisse
624 3028 790 3087 credideris
814 3029 976 3103 Luscium,
1000 3029 1219 3087 adversarium
1241 3028 1440 3102 acerrimum,

312 3137 463 3210 perpetuo
495 3135 630 3208 obliquis
662 3136 762 3195 oculis
783 3135 966 3209 rimantem,
989 3136 1026 3193 ut
1048 3136 1234 3194 Terentium
1255 3136 1443 3208 peccantem

313 3242 580 3315 deprehenderet?
601 3242 685 3300 Nam
706 3243 760 3315 qui
780 3242 859 3302 vitio
874 3242 972 3300 dabat
987 3243 1183 3315 exemplaria
1197 3257 1312 3316 graeca
1328 3255 1444 3315 augere

312 3349 458 3423 partibus
490 3364 530 3406 ex
562 3349 632 3407 aliis
663 3349 766 3422 poetis
797 3349 919 3423 graecis
951 3349 1138 3422 desumptis
1170 3363 1275 3407 nonne
1298 3348 1326 3406 is
1350 3348 1444 3420 longe

314 3457 413 3514 etiam
444 3455 666 3513 vehementius
697 3455 845 3514 invectus
877 3455 962 3513 esset
993 3455 1025 3512 in
1056 3456 1195 3528 poetam,
1225 3470 1285 3513 sua
1312 3431 1444 3520 inventa

313 3563 480 3622 inserendo
498 3559 738 3635 ¹depravantem
767 3563 864 3635 atque
890 3562 1095 3635 torquentem
1116 3561 1337 3622 oeconomiam
1359 3561 1445 3619 iabu-

314 3669 443 3728 larum?
487 3670 591 3742 Porro,
638 3669 796 3742 quantum
838 3669 1047 3742 cognovimus
1088 3668 1181 3728 hodie
1220 3669 1329 3729 totum
1365 3667 1445 3726 illud

315 3774 465 3848 palliatae
496 3789 605 3849 genus,
639 3773 796 3832 affirmare
827 3775 900 3833 licet
930 3774 1107 3834 additiones
1134 3775 1217 3834 tales
1240 3775 1370 3834 omnino
1396 3775 1446 3832 ab⁴

347 4029 369 4098 1)
406 4030 446 4086 Oi.
464 4031 583 4086 ihnium
599 4046 627 4100 p.
644 4031 662 4086 9
681 4031 711 4086 et
730 4031 772 4087 14.
790 4029 965 4086 Teuffelium
981 4046 1009 4100 p.
1028 4032 1089 4087 281.
1108 4031 1268 4086 Braunium
1286 4046 1313 4099 p.
1334 4030 1448 4100 10-12·1

313 4119 466 4188 Regelium
492 4134 520 4188 p.
545 4120 570 4176 4.
597 4120 756 4188 Kampium
780 4135 807 4188 p.
833 4121 858 4175 7.
884 4119 1064 4188 Wagnerum
1089 4121 1132 4175 ed.
1158 4119 1222 4176 Ter.
1240 4134 1267 4188 p.
1288 4119 1322 4174 10
1339 4119 1449 4174 Daiatz·

314 4207 430 4264 konem.
449 4208 522 4264 Mus
540 4209 596 4264 Vol
614 4208 720 4264 XXXI
736 4224 764 4278 p.
783 4209 843 4265 249.
862 4207 1083 4277 anighofiium
1100 4224 1126 4278 p.
1147 4209 1189 4266 70.
