3386 5046
833 549 871 607 37

286 750 442 809 gewesen,
475 749 570 795 wenn
603 750 636 794 er
666 751 729 795 von
762 735 822 793 den
852 734 1043 808 Vorgangen
1074 735 1107 792 in
1133 735 1186 793 der
1212 736 1345 796 Familie
1369 737 1423 795 der

287 842 467 900 Schwester
492 841 580 899 nicht
606 842 705 902 schon
729 841 835 900 11111111
857 841 1033 899 Kenntniss
1055 856 1249 913 genommen
1272 841 1335 901 und
1356 858 1421 902 von

286 947 354 1006 sich
373 963 432 1006 aus
443 948 505 1006 mit
519 948 610 1007 Micio
626 948 700 1007 oder
713 948 835 1006 Demea
850 947 981 1007 deshalh
992 948 1026 1006 in
1039 947 1267 1022 Verhandlung
1277 950 1423 1022 getreten

285 1054 401 1114 wa1·e.’'
443 1055 564 1129 Quibus
591 1054 738 1128 Repcliue
762 1053 782 1111 l.
805 1069 831 1113 c.
856 1055 936 1116 haec
958 1055 1058 1114 etiam
1081 1054 1215 1116 addidit:
1240 1056 1314 1130 ,Die
1335 1055 1424 1115 Huli-

285 1160 433 1234 losigkeit
456 1161 510 1219 der
532 1161 680 1220 Sostrata
702 1160 771 1220 sa'llt
794 1161 980 1220 ausserdem
1002 1161 1052 1220 hei
1074 1162 1194 1220 'lerenz
1216 1163 1308 1220 mehr
1326 1162 1359 1221 in
1374 1163 1424 1221 die

287 1270 399 1341 Augen
432 1267 495 1340 (vgl
523 1283 554 1327 v.
583 1269 641 1327 455
671 1267 724 1338 111.)
753 1267 904 1327 wodnrch
933 1268 990 1326 das
1012 1268 1180 1342 Interesse,
1203 1269 1260 1327 das
1282 1284 1360 1327 man
1382 1285 1423 1328 an

287 1375 390 1434 ihrem
433 1374 597 1434 Schicksal
635 1374 763 1448 nimmt,
803 1375 976 1447 gesteigert
1015 1374 1123 1433 wird.’'
1167 1375 1288 1434 Hocine
1325 1376 1423 1448 igitur

286 1481 473 1556 Dziatzkoni
505 1481 698 1555 Regelioque
728 1481 844 1539 melius
877 1481 1066 1541 1111111111
1088 1497 1187 1554 quam
1209 1497 1227 1540 1
1251 1482 1421 1542 Menandro

287 1589 551 1647 administratum
576 1603 648 1646 esse
668 1589 803 1658 videtur,
829 1588 913 1661 quod
935 1589 991 1662 vir,
1015 1589 1105 1646 cuius
1127 1589 1234 1662 partes
1257 1603 1314 1648 eae
1334 1591 1420 1662 sunt,
1533 1587 1537 1596 “

286 1710 367 1768 quas
398 1710 496 1768 supra
527 1696 700 1754 exsecutus
732 1711 816 1769 sum,
845 1695 1003 1768 virginem
1030 1710 1129 1767 quam
1158 1695 1366 1754 moribundus
1394 1696 1422 1754 ei

248 1829 251 1834 ·
286 1803 377 1874 pater
398 1802 690 1875 commendaverat,
714 1802 840 1862 deserat
861 1815 964 1874 neque
981 1803 1070 1859 curet
1089 1801 1163 1874 quid
1179 1816 1216 1859 ea
1230 1799 1311 1860 fiat?
1325 1801 1421 1861 Porro

286 1908 406 1966 nemini
444 1908 537 1966 facile
573 1909 753 1982 probabunt
792 1908 1000 1966 Menandrum
1033 1907 1134 1966 talem
1169 1908 1421 1967 inconstantiam

287 2015 415 2088 taleque
442 2015 684 2088 compositionis
711 2015 837 2089 vitium,
859 2031 922 2074 non
945 2015 1180 2088 neglegentiam
1201 2014 1316 2089 levem,
1339 2030 1422 2088 quae

288 2122 333 2179 eis
360 2122 495 2196 videtur,
518 2123 553 2203 in
574 2137 610 2180 se
632 2123 811 2195 admisisse,
835 2123 872 2180 11
895 2121 1091 2180 avunculum
1114 2123 1223 2181 omnia
1245 2122 1283 2180 de
1303 2123 1421 2182 sororis

287 2226 352 2288 11111
365 2230 569 2302 ignorantem
582 2229 755 2303 induceret,
771 2244 846 2288 cum
860 2229 1422 2302 11111111111111111111111111111111

287 2337 395 2409 partes
416 2336 569 2410 Hegionis
592 2337 674 2410 apud
696 2337 870 2411 utrumque
890 2337 1021 2410 poetam
1042 2351 1119 2408 prae
1138 2351 1203 2394 una
1225 2336 1420 2408 exceptione,

288 2443 577 2516 consanguinitatis
598 2444 708 2517 gradu,
732 2444 862 2502 easdem
885 2443 993 2502 fuisse.
1023 2443 1172 2502 Ceterum
1195 2457 1305 2502 eorum
1327 2441 1421 2515 expli-

287 2550 371 2608 catio
382 2550 496 2608 nititur
507 2552 567 2609 hac
580 2551 733 2625 opinione,
747 2551 925 2624 Hegionem
937 2565 997 2608 sua
1005 2549 1173 2610 voluntate
1181 2551 1212 2608 et
1220 2549 1421 2622 neglegentia

285 2655 434 2728 ignarum
464 2657 625 2715 mansisse
653 2672 708 2730 per
734 2657 856 2717 multos
877 2671 1006 2716 menses
1029 2656 1149 2716 amoris
1170 2655 1288 2714 vinculi
1308 2655 1419 2729 illiciti,

287 2762 371 2835 quod
395 2764 574 2822 Aeschinus
596 2778 671 2822 curn
693 2765 832 2837 cognata
853 2779 913 2822 sua
933 2763 1048 2822 inierat
1071 2764 1102 2821 et
1124 2762 1326 2836 graviditatis
1348 2762 1421 2820 inde

287 2871 385 2928 ortae.
425 2870 517 2929 Hanc
539 2871 650 2928 autem
672 2871 852 2944 opinionem
873 2872 940 2930 iam
962 2870 1115 2929 refutavit
1138 2869 1319 2943 Neaciar'us,
1341 2885 1421 2929 usus

287 2977 346 3035 hoc
378 2992 441 3036 uno
467 2979 657 3050 argumento
679 2994 708 3051 p.
732 2979 805 3038 126:
830 2979 887 3053 ,Et
909 2978 1038 3051 quidem
1060 2977 1114 3050 qui
1135 2977 1239 3050 potuit
1261 2977 1366 3050 neptis
1388 2978 1421 3034 et

286 3083 437 3142 Aeschini
469 3085 733 3143 consuetudinem
763 3100 848 3144 nunc
879 3086 1020 3158 primum
1052 3086 1124 3158 post
1153 3085 1263 3143 decem
1291 3099 1420 3142 menses

286 3206 317 3249 v.
329 3192 396 3265 471,
416 3193 472 3250 691
489 3192 605 3249 rescire
619 3207 727 3266 senex,
744 3206 819 3250 cum
834 3193 1023 3265 praesertim
1039 3191 1226 3250 adulescens
1241 3206 1420 3264 numquam

286 3297 515 3356 intermitteret
536 3299 621 3356 diem
642 3299 718 3371 quin
740 3299 779 3357 ad
801 3299 941 3372 puellam
962 3313 998 3357 se
1019 3299 1175 3358 conferret
1196 3315 1226 3358 v.
1249 3298 1349 3358 293?”

326 3404 419 3464 Unde
450 3406 560 3463 autern
592 3404 698 3464 sciunt
727 3405 881 3465 Dziatzlro
903 3405 1116 3478 Regeliusque
1137 3405 1315 3478 Hegionem
1336 3405 1420 3477 igno·

287 3526 378 3570 rasse
399 3527 543 3571 amorem
564 3513 739 3572 Aeschini?
759 3513 808 3571 Ex
829 3513 877 3587 iis,
901 3528 983 3586 quae
1004 3513 1105 3586 Hegio
1128 3513 1159 3571 et
1181 3513 1301 3570 Demea
1322 3511 1370 3569 ΠΙ
1391 3513 1419 3570 1.
1531 3504 1534 3510 ’

289 3619 304 3676 1
341 3634 409 3692 sqq.
441 3619 524 3677 inter
555 3634 591 3677 se
618 3620 797 3693 loquunter,
830 3621 890 3679 hoc
921 3621 1052 3678 tantum
1084 3621 1170 3678 certo
1203 3618 1282 3677 efflci
1302 3619 1418 3692 potest,

289 3725 465 3798 Hegionem
487 3727 629 3785 nondum
651 3726 820 3785 rescivisse
840 3726 993 3800 psaltriae
1011 3727 1190 3800 raptionem
1208 3727 1240 3784 et
1254 3723 1420 3799 perfidiam

287 3831 446 3905 Aeschini,
476 3833 532 3890 sed
551 3848 626 3891 eum
648 3833 815 3906 ignorasse
837 3848 981 3892 amorem
994 3834 1025 3890 et
1037 3833 1155 3890 vitium
1166 3831 1280 3905 virgini
1291 3831 1419 3890 illatum

286 3938 331 3997 ihi
351 3954 555 4012 nequaquam
573 3939 734 3998 indicatur
754 3942 786 3999 et
808 3941 1004 3999 contrarium
1026 3939 1129 3999 multo
1151 3938 1344 4012 probabilius
1360 3939 1419 3997 est.

287 4043 459 4104 Conficitur
479 4061 555 4105 vero
577 4061 628 4104 res
649 4063 698 4107 vs
710 4049 885 4120 ree-4773
904 4062 981 4105 111111
991 4046 1173 4105 incredibile
1184 4047 1233 4104 est
1244 4045 1417 4118 hominem,

287 4152 341 4224 qui
372 4153 431 4211 hoc
452 4152 522 4226 ipso
543 4153 699 4227 temporis
721 4156 887 4214 momento
908 4154 975 4213 tale
996 4153 1119 4212 facinus
1141 4152 1326 4225 audivisset,
1348 4152 1419 4209 11111

287 4257 399 4317 sedato
432 4259 530 4332 atque
560 4259 687 4332 placato
717 4261 825 4320 animo
846 4261 877 4319 id
899 4261 1010 4320 comiti
1032 4275 1179 4318 enarrare
1201 4261 1232 4318 et
1254 4273 1418 4317 excusare.
