3386 5046
821 515 861 573 30

273 695 415 763 Concidit
447 715 539 776 porro
571 701 639 760 eius
665 700 779 774 opinio,
802 699 877 772 quia
897 699 1011 760 nititur
1038 700 1120 759 lhnii
1141 700 1303 760 sententia
1325 702 1408 775 apud

271 809 481 869 Menandrum
512 807 590 868 nnn
621 788 849 880 interpositum
880 806 1095 865 fuissetne
1126 807 1140 866 r
1173 809 1191 866 a
1224 809 1255 866 et
1281 809 1312 866 Π
1338 809 1408 868 uuo

271 931 370 990 quam
402 930 499 988 supra
530 915 779 989 repudiavimus,
814 914 846 972 et
878 927 978 986 praua
1008 914 1274 988 interpretatione
1305 930 1336 975 u.
1368 917 1407 974 83
1477 889 1480 896 ’

274 1022 387 1098 „Dixin
421 1023 481 1081 hoc
517 1020 636 1095 fore?”,
674 1035 772 1094 quam
808 1019 1068 1092 reprehendimus
1103 1035 1133 1093 p.
1169 1021 1217 1080 28.
1265 1020 1405 1094 Accedit,

272 1128 364 1202 quod,
398 1143 481 1201 quae
502 1127 593 1187 Micio
617 1127 691 1185 inde
716 1127 755 1185 ab
781 1127 795 1184 l
818 1128 845 1186 1.
870 1128 906 1186 17
929 1141 1032 1200 usque
1053 1127 1093 1186 ad
1114 1127 1128 1184 I
1152 1127 1179 1186 1.
1201 1129 1240 1186 52
1262 1127 1406 1201 disputat

272 1235 310 1293 de
331 1249 391 1293 sua
411 1235 540 1294 vivendi
563 1235 660 1308 atque
681 1232 736 1292 fllii
759 1233 914 1292 educandi
935 1235 1068 1308 ratione,
1091 1233 1199 1292 locum
1213 1235 1406 1293 haberenon

271 1342 416 1415 possunt,
449 1341 511 1400 nisi
543 1341 737 1415 praecedunt
763 1341 777 1398 Ι
801 1341 828 1400 1.
855 1341 962 1400 1-14.
985 1341 1061 1414 Quis
1084 1341 1193 1400 credat
1214 1341 1330 1415 virum,
1353 1341 1409 1415 qui

271 1449 286 1506 Ι
308 1450 376 1508 275
470 1449 581 1507 narrat
602 1463 638 1506 se
658 1447 725 1506 iarn
747 1447 936 1520 speravisse,
962 1447 1129 1521 „Aeschini
1156 1447 1407 1507 adolescentiam

272 1555 498 1630 deferbuisse,”
521 1555 554 1613 in
575 1556 660 1614 hunc
682 1554 816 1613 modum
838 1554 1107 1612 ratiocinaturum
1129 1553 1237 1626 fuisse,
1261 1555 1289 1612 si
1310 1555 1406 1612 sciret

270 1661 372 1721 fllium
395 1677 470 1721 cum
491 1661 597 1735 puella
618 1662 711 1734 rapta
732 1661 866 1720 domum
877 1660 1032 1720 rediisse?
1050 1662 1146 1720 Porro
1157 1661 1325 1720 Micionem
1337 1677 1406 1719 rem

272 1771 311 1827 ab
332 1769 424 1828 initio
455 1769 522 1827 iam
548 1768 691 1841 scivisse,
718 1767 873 1826 evertitur
896 1783 927 1827 v.
949 1769 1016 1841 364,
1043 1768 1097 1826 ubi
1123 1783 1141 1826 a
1168 1769 1248 1840 syro
1274 1768 1406 1827 demum

270 1877 435 1949 comperit,
455 1891 511 1934 cur
522 1875 701 1934 Aeschinus
713 1875 882 1948 psaltriam
894 1875 1000 1933 lenoni
1012 1875 1170 1947 eripuerit.
1191 1875 1276 1934 Nihil
1288 1890 1407 1934 causae

271 1984 348 2055 erat,
382 1997 437 2040 cur
469 1982 649 2041 Aeschinus
680 1983 740 2040 hoc
773 1997 836 2040 non
868 1981 982 2039 statim
1011 1996 1086 2040 cum
1115 1982 1207 2055 patre
1230 1982 1406 2042 communi-

270 2089 367 2148 caret.
400 2088 548 2147 Pluribus
582 2089 780 2161 argumentis
813 2089 881 2146 eius
913 2088 1110 2146 sententiam
1135 2087 1277 2146 refellere
1301 2103 1406 2161 super-

270 2196 373 2268 sedeo,
397 2210 472 2254 cum
493 2196 572 2253 haec
594 2196 661 2253 iam
683 2195 764 2252 satis
786 2195 897 2267 gravia
919 2195 994 2254 sint.

311 2303 488 2376 Speciosior
521 2303 570 2360 est
603 2302 708 2375 opinio
739 2302 804 2360 loe.
837 2301 984 2359 Kansaru
1016 2317 1045 2374 p.
1072 2302 1118 2374 14,
1142 2316 1342 2374 quamquam
1364 2317 1405 2360 ne

271 2410 350 2467 haec
381 2409 510 2482 quidem
535 2409 665 2468 omnino
688 2408 845 2467 molestiis
868 2408 965 2467 caret.
987 2407 1052 2466 Nos
1074 2409 1204 2467 revocat
1227 2408 1266 2466 ad
1287 2409 1404 2468 Donati

271 2516 431 2575 scholium
460 2517 499 2574 ad
527 2517 542 2574 Ι
571 2517 598 2575 2.
629 2517 656 2575 2.
685 2515 769 2588 quod
797 2529 895 2588 supra
918 2514 1058 2574 laudavi.
1099 2515 1177 2573 Inde
1197 2531 1261 2574 non
1282 2517 1405 2574 temere

271 2623 408 2698 colliges,
442 2623 496 2697 ait,
530 2623 715 2696 Varronem,
749 2623 786 2680 ut
816 2622 937 2680 latinae
969 2622 1136 2680 exordium
1162 2623 1343 2696 praeferret,
1367 2637 1403 2682 eo

271 2745 343 2788 esse
363 2731 556 2804 permotum,
579 2729 663 2802 quod
686 2729 854 2788 Terentius
876 2729 1020 2787 moribus
1041 2729 1127 2787 senis
1144 2730 1404 2803 accurateexpri·

270 2837 395 2895 mendis
426 2837 458 2894 in
490 2837 560 2909 ipso
592 2835 720 2894 fabulae
751 2835 880 2894 exordio
912 2836 1068 2894 eximiam
1101 2852 1230 2910 operam
1258 2837 1402 2896 navavit.

271 2943 406 3002 Constat
438 2944 548 3001 autem
578 2942 774 3001 testimoniis
796 2941 998 3015 gravissimis
1019 2942 1196 3002 Varronem
1218 2943 1251 3002 in
1274 2943 1403 3002 Terenti

270 3049 386 3110 fabulis
407 3049 439 3107 id
460 3050 667 3123 potissimum
690 3049 887 3108 admiratum
909 3063 981 3107 esse
1002 3049 1085 3123 quod
1107 3051 1202 3122 poeta
1219 3050 1251 3109 in
1264 3048 1402 3123 eleganti

270 3157 302 3214 et
324 3158 421 3215 acuta
441 3157 582 3229 quadam
603 3171 732 3215 morum
754 3156 921 3216 notatione
942 3157 1046 3214 artem
1068 3157 1100 3214 et
1124 3156 1321 3229 diligentiam
1343 3157 1402 3215 col·

268 3263 381 3322 locarit
408 3264 505 3336 atque
529 3278 584 3336 per
608 3264 715 3322 totam
741 3263 884 3321 fabulam
909 3264 1045 3320 servarit
1070 3259 1140 3337 ἤθη,
1167 3279 1249 3337 quae
1273 3265 1401 3323 vocant.

268 3371 383 3443 Itaque
403 3370 525 3429 Nonius
546 3370 579 3428 in
600 3386 631 3429 ν.
652 3384 782 3443 poscere
803 3370 886 3427 hanc
907 3369 1059 3428 Varronis
1077 3369 1168 3428 offert
1187 3371 1400 3430 sententiam:

271 3477 326 3550 „In
348 3477 546 3550 argumentis
569 3477 723 3536 Caecilius
745 3476 848 3550 poscit
869 3475 1022 3549 palmam,
1040 3477 1073 3534 in
1095 3472 1202 3546 ἤθεσιν
1222 3477 1400 3551 Terentiae,

190 3615 192 3620 ,
268 3583 298 3640 in
329 3583 532 3642 sermonibus
555 3583 719 3643 Plautus”
743 3583 859 3642 Obstat
881 3583 1001 3656 tamen,
1024 3583 1196 3655 quominus
1218 3584 1286 3642 viro
1307 3583 1400 3642 docto

269 3690 495 3763 assentiamur,
528 3690 612 3763 quod
643 3690 743 3749 Varro
775 3689 964 3763 principium
995 3690 1126 3748 tantum
1151 3690 1311 3764 praetulit,
1337 3705 1401 3748 non

269 3796 455 3854 uniuersam
477 3796 631 3856 fabulam.

310 3903 476 3962 Postremo
505 3903 789 3962 commemoranda
811 3906 861 3962 est
884 3904 1029 3964 Nencinit
1049 3904 1219 3977 sententia,
1243 3903 1425 3977 descripta

268 4025 297 4082 p.
311 4010 377 4069 134.
392 4010 547 4082 seqnitur
559 4011 738 4069 Fielitzium
750 4012 915 4084 hactenus
929 4011 1012 4085 quod
1025 4011 1192 4070 existimat
1203 4011 1401 4070 Aeschinum

269 4117 301 4174 et
333 4117 451 4188 syrum
484 4117 570 4176 domi
603 4133 674 4176 esse
701 4118 856 4192 debuisse,
879 4118 955 4176 dum
976 4119 1099 4192 primus
1121 4120 1214 4177 actus
1237 4119 1399 4191 ageretur;

269 4223 438 4296 psaltriam
469 4224 566 4283 noctu
599 4225 649 4282 vel
680 4225 782 4298 primo
814 4240 911 4284 mane
939 4225 1110 4284 deductam
1132 4225 1240 4284 fuisse.
1284 4225 1399 4299 ,Haec
