3386 5046
834 538 874 595 39

287 738 348 782 sua
378 724 492 796 sponte
522 724 656 798 iurasse,
691 738 775 796 quae
803 723 966 783 amatores
991 722 1095 783 solent
1120 741 1151 784 u.
1174 726 1241 799 306,
1264 727 1332 799 312,
1355 728 1431 786 473:

288 830 376 906 Quod
408 831 519 888 autem
552 830 704 904 adiungit,
739 830 917 903 Hegionem
950 845 1018 888 rem
1051 831 1191 910 urgendo
1224 847 1427 906 corrumpere

286 938 439 1011 potuisse,
472 938 531 996 hoc
563 952 769 1010 nequaquam
790 937 972 995 timendum
995 939 1064 996 crat
1087 953 1106 996 a
1127 953 1205 996 sene
1226 939 1371 1013 sapiente
1392 940 1424 996 et

287 1044 450 1117 prudente,
493 1043 622 1116 qualern
664 1059 700 1102 se
734 1045 874 1116 praebet.
912 1043 991 1102 Vide
1021 1045 1168 1118 inprimis
1200 1061 1231 1105 v.
1264 1047 1324 1104 500
1355 1061 1424 1119 sqq.

287 1151 428 1223 Denique
449 1151 569 1209 mirum
592 1149 673 1209 foret
692 1151 857 1210 Donatum
878 1166 1009 1224 prorsus
1030 1152 1174 1210 tacuisse
1195 1152 1234 1210 de
1244 1154 1305 1211 hae
1314 1152 1425 1212 disere·

287 1258 398 1329 pantia
419 1273 482 1317 non
504 1257 551 1315 ita
571 1257 635 1315 levi
656 1257 739 1315 inter
762 1257 949 1317 Terentium
970 1259 1253 1333 Menandrumque.

327 1363 476 1422 Alterum
496 1363 711 1438 Dziatukonis,
732 1364 861 1438 Regelii,
878 1365 1022 1423 Nencinii
1034 1370 1272 1440 argumentum,
1285 1366 1424 1439 petitum

288 1485 305 1528 e
344 1471 511 1529 Sostratae
548 1471 678 1543 nuptiis
718 1486 782 1530 non
817 1471 949 1530 maioris
982 1473 1140 1531 momenti
1176 1473 1235 1532 est.
1277 1473 1425 1530 Vidimus

287 1592 384 1650 supra
405 1577 480 1649 quid
502 1577 649 1650 ponderis
670 1577 876 1636 tribuendum
899 1579 942 1636 sit
963 1579 1103 1637 Demeae
1123 1579 1229 1638 verbis
1239 1578 1302 1637 illis
1313 1596 1344 1640 v.
1356 1581 1424 1639 932.

329 1684 411 1756 ,Nec
433 1684 487 1756 qui
506 1699 578 1742 eam
597 1684 747 1757 respiciat
769 1685 941 1757 quisquam
964 1687 1029 1746 est:
1052 1685 1184 1760 solast,’'

327 1791 355 1848 si
366 1792 594 1863 comparantur
609 1805 685 1849 cum
701 1792 869 1850 Sostratae
882 1792 983 1865 ipsius
1000 1793 1285 1853 asseverationem
1298 1809 1329 1852 v.
1345 1795 1423 1853 352:

328 1898 378 1956 So.
397 1897 482 1955 Nam
499 1898 528 1954 is
540 1899 650 1957 nostro
664 1897 786 1957 Simulo
799 1897 859 1956 fuit
871 1913 1021 1957 summus
1033 1901 1065 1957 et
1077 1915 1136 1958 nos
1148 1900 1246 1959 coluit
1257 1914 1423 1959 maxume.

327 2004 381 2063 Ge.
403 2005 487 2062 Nam
509 2003 614 2062 hercle
637 2004 718 2062 alius
740 2019 835 2064 nemo
858 2005 987 2079 respicit
1008 2022 1076 2080 noe,
1176 2035 1178 2038 ·

328 2112 358 2168 et
382 2125 457 2168 cum
478 2111 527 2184 iis,
550 2126 633 2183 quae
654 2111 692 2168 dc
713 2111 867 2184 Hegionis
889 2127 966 2171 cura
988 2114 1019 2171 et
1041 2113 1209 2186 vigilantia
1231 2114 1422 2187 accepimus.

287 2217 366 2275 Vide
388 2217 487 2275 etiam
510 2233 536 2277 c.
559 2220 587 2277 6.

327 2325 506 2396 Postquam
543 2324 668 2384 ostendi
700 2326 878 2384 sententias
911 2341 1031 2399 eorum,
1064 2327 1118 2399 qui
1151 2328 1226 2385 ante
1257 2341 1311 2384 me
1341 2328 1424 2385 hanc

287 2431 510 2501 quaestionem
541 2431 773 2505 tractaverunt,
805 2433 932 2505 probari
953 2449 1017 2493 non
1041 2448 1146 2506 posse,
1168 2435 1236 2507 ipse
1256 2434 1425 2507 temptabo

286 2550 420 2594 causam
434 2537 595 2612 indagare,
611 2539 738 2612 propter
752 2554 851 2612 quam
864 2540 1032 2599 Terentius
1045 2540 1223 2613 Hegionem
1236 2539 1423 2613 Pamphilae

287 2642 484 2702 avunculum
513 2659 585 2702 esse
610 2645 757 2705 noluerit.
799 2647 887 2705 Haec
910 2647 1046 2706 forsitan
1067 2647 1140 2705 inde
1160 2647 1332 2720 repetenda
1354 2647 1422 2720 erit,

286 2749 369 2821 quod
401 2751 484 2823 apud
516 2752 681 2811 Romanos
712 2752 852 2812 Terentii
883 2754 992 2812 aetate
1013 2752 1136 2813 familia
1157 2753 1250 2812 aliter
1270 2753 1425 2812 instituta

287 2857 355 2918 erat
394 2872 492 2929 quam
530 2859 613 2931 apud
644 2859 868 2919 Athenienses.
910 2861 1038 2919 Etenim
1070 2861 1195 2920 Romae
1225 2860 1315 2919 nulla
1344 2861 1423 2918 iuris

286 2965 470 3024 communio
487 2967 554 3023 erat
571 2966 723 3037 cuiquam
738 2981 813 3024 cum
827 2981 942 3040 genere
956 2968 1120 3040 matcrno;
1136 2983 1199 3026 non
1210 2968 1424 3026 hereditatem

286 3071 363 3143 eiua,
397 3071 451 3144 qui
484 3087 503 3129 a
537 3073 687 3130 materna
718 3074 810 3146 parte
841 3075 972 3132 tantum
1001 3075 1192 3134 coniunctus
1215 3075 1293 3147 crat,
1315 3075 1424 3148 petere

285 3177 402 3236 licebat
422 3192 525 3250 neque
547 3179 728 3254 quisquam,
751 3180 779 3238 si
801 3181 897 3240 orbus
919 3181 1165 3255 relinquebatur,
1188 3182 1331 3240 tutorem
1347 3181 1423 3240 acci-

285 3284 393 3356 piebat
419 3299 436 3342 e
456 3284 581 3343 familia
602 3287 761 3345 materna.
804 3288 912 3346 Sicubi
934 3289 1044 3362 agnati
1066 3287 1264 3361 deficiebant,
1288 3288 1423 3360 gentiles

285 3389 318 3447 in
340 3405 451 3450 eorum
472 3391 580 3452 locum
602 3393 826 3454 succedebant.
858 3394 938 3452 Vide
958 3391 1423 3468 11.111111111111111.Α11111111,2

286 3497 350 3569 Ip.
374 3499 440 3572 157,
465 3499 532 3573 189,
555 3501 623 3560 202.

325 3603 444 3662 Contra
475 3605 611 3664 Athenis
644 3589 713 3687 non'
741 3606 851 3666 omnia
878 3607 1007 3668 vincula
1036 3623 1111 3666 cum
1139 3622 1254 3680 genere
1275 3607 1422 3667 materno

285 3709 420 3772 discissa
448 3713 549 3772 erant.
593 3713 724 3788 Quando
750 3729 872 3788 omnes,
896 3715 949 3788 qui
972 3731 992 3774 a
1013 3716 1105 3788 parte
1126 3716 1260 3788 paterna
1282 3713 1422 3787 aliquem

286 3815 504 3892 adtingebant,
540 3819 662 3878 mortui
691 3821 792 3894 erant,
819 3835 930 3880 eorum
952 3820 1055 3881 officia
1078 3821 1255 3894 implebant
1284 3820 1422 3894 cognati.
1543 3858 1545 3862 -

283 3922 362 3981 Vide
382 3924 473 3984 Dem.
496 3926 567 3986 adv,
589 3926 720 3984 Macart.
742 3943 771 4000 p.
795 3929 882 3988 1067.
905 3931 922 3998 ἓ
943 3928 991 3988 51.

325 4030 474 4104 Suspicor
501 4033 599 4105 igitur
628 4033 815 4092 Terentium
842 4035 893 4092 hic
922 4050 1028 4095 mores
1053 4035 1175 4108 patrios
1201 4049 1310 4109 presse
1331 4033 1423 4106 sequi

283 4135 441 4198 voluisse:
471 4140 639 4198 metuebat
666 4155 707 4198 ne
727 4141 927 4215 spectatores
950 4142 1090 4201 Romani
1109 4142 1304 4201 mirarentur
1326 4155 1421 4200 avun-

284 4242 393 4301 culum
425 4247 599 4317 cognatam
630 4246 740 4320 tutari,
772 4263 813 4306 ne
845 4249 1033 4321 quaererent
1065 4263 1121 4307 cur
1148 4264 1253 4322 nemo,
1284 4263 1303 4306 a
1330 4248 1422 4320 parte
