3386 5046
829 575 848 632 3

275 761 443 820 Terentius
465 760 621 819 miscendi
642 758 876 833 significatione
897 775 1023 833 semper
1044 761 1146 819 utitur
1166 762 1227 820 hoc
1248 762 1355 820 verbo.
1385 757 1404 830 ¹)

312 869 360 926 Ne
398 868 449 926 cul
486 868 606 926 mirum
644 867 791 926 videatur
828 867 911 940 apud
947 868 1132 926 Terentium
1165 863 1406 927 contaminandi

273 975 407 1033 verbum
440 974 586 1048 usurpari
616 973 849 1047 significatione
881 989 900 1032 a
927 975 1061 1048 vulgata
1089 975 1223 1048 diversa,
1251 977 1407 1049 respicere

272 1080 366 1140 iubeo
395 1081 555 1140 Ciceronis
582 1080 690 1140 locum
716 1081 749 1139 in
771 1081 859 1141 Orat.
881 1096 936 1153 pro
959 1081 1053 1141 domo
1075 1084 1093 1151 ἓ
1113 1083 1160 1155 36,
1184 1082 1267 1140 unde
1288 1081 1405 1141 efficias

273 1185 541 1260 significationem
561 1187 651 1246 illam
673 1187 781 1246 minus
803 1188 961 1246 usitatam
982 1203 1024 1246 ne
1043 1188 1128 1247 illius
1150 1188 1277 1261 quidem
1299 1190 1407 1247 aetate

274 1295 462 1355 exolevisse.

316 1403 383 1476 ,Tu
405 1417 509 1474 neque
529 1401 681 1461 Fonteius
704 1417 738 1459 es
759 1402 813 1474 qui
836 1416 907 1460 esse
928 1402 1065 1461 debebas
1087 1417 1189 1475 neque
1203 1403 1303 1475 patris
1314 1404 1406 1461 heres

274 1523 377 1581 neque
405 1509 534 1567 amissis
563 1509 664 1567 sacris
691 1509 833 1581 paternis
860 1509 893 1566 in
915 1509 993 1567 haec
1016 1509 1167 1582 adoptiva
1187 1510 1313 1569 venisti.
1355 1510 1406 1567 Ita

274 1616 469 1689 perturbatis
501 1615 611 1689 sacris,
644 1615 864 1674 contaminatis
894 1616 1044 1689 gentibus
1069 1617 1101 1675 et
1123 1631 1221 1689 quam
1242 1616 1406 1676 deseruisti

275 1723 307 1780 et
339 1738 438 1795 quam
461 1722 603 1795 polluisti
623 1722 691 1780 iure
713 1723 883 1796 Quiritium
905 1722 1049 1795 legitimo
1070 1723 1247 1782 tutelarum
1269 1723 1301 1780 et
1322 1724 1406 1781 here-

274 1829 414 1887 ditatum
445 1829 565 1902 relicto,
598 1829 703 1888 sactus
736 1844 769 1887 es
802 1830 870 1888 eius
902 1827 985 1887 filius
1017 1830 1130 1888 contra
1157 1829 1206 1888 fas
1235 1830 1326 1887 cuius
1351 1844 1406 1903 per

275 1936 418 1994 aetatem
440 1937 531 2009 pater
553 1950 624 1994 esse
644 1936 810 2009 potuisti”.

314 2043 351 2100 In
383 2041 490 2101 Wolfii
522 2043 659 2102 editione
692 2042 849 2102 Cerberus
881 2042 920 2101 ad
947 2043 1031 2100 hunc
1059 2041 1166 2101 locum
1196 2043 1288 2102 docte
1308 2058 1405 2101 usum

274 2150 363 2208 verbi
389 2149 539 2224 illustrat,
569 2150 660 2208 cuius
686 2149 926 2209 adnotationem
948 2149 1025 2207 libet
1047 2149 1232 2209 describere.
1276 2151 1405 2224 ,Virum

275 2256 415 2330 doctum,
438 2255 660 2315 Marklandum
680 2271 737 2328 sc,
753 2257 884 2329 apparet
900 2257 1036 2315 oblitum
1052 2257 1152 2314 fuisse
1166 2257 1406 2315 contaminandi

274 2363 409 2421 verbum
430 2363 529 2421 latius
550 2363 711 2422 interdum
733 2364 843 2436 patere
864 2364 895 2420 et
917 2364 1131 2422 contaminari
1154 2363 1279 2422 fabulas
1301 2363 1405 2422 diciin

157 2473 160 2478 '
276 2470 566 2544 Ter.p1·ol.quum
589 2470 793 2544 expluribus
816 2471 946 2530 Graecis
968 2485 1032 2528 una
1053 2468 1109 2529 fiat
1132 2470 1256 2529 Latina.
1285 2471 1407 2542 Nempe

276 2592 296 2636 a
315 2577 475 2651 tangendo
495 2579 526 2636 et
541 2578 753 2651 contingendo
769 2577 891 2635 dictum
906 2577 956 2635 est
971 2577 1192 2636 contaminare
1206 2577 1242 2634 ut
1257 2576 1405 2648 contagio

276 2685 307 2741 et
346 2684 515 2742 miscelam
553 2682 713 2758 significat
752 2684 865 2757 primo,
897 2684 969 2742 tum
1001 2683 1169 2741 miscelam
1200 2683 1311 2756 talem,
1343 2698 1407 2755 qua

276 2790 393 2863 aliquid
433 2791 648 2864 corrumpitur
682 2791 733 2849 vel
764 2790 924 2863 polluitur.
967 2790 1244 2863 contaminantur,
1277 2790 1406 2862 permis-

275 2900 396 2972 centur,
429 2899 656 2972 perturbantur
688 2897 766 2956 adeo
799 2897 968 2970 adoptione
995 2899 1116 2969 gentes
1140 2898 1175 2955 ut
1197 2912 1228 2956 ν.
1250 2913 1279 2969 g.
1302 2897 1405 2970 Scipio

276 3005 446 3065 Africanus
478 3006 522 3063 sit
553 3004 790 3078 quodammodo
823 3004 959 3062 duarum
990 3005 1146 3076 gentium,
1178 3003 1344 3076 Aemiliae,
1373 3004 1406 3061 in

276 3128 340 3185 qua
367 3113 465 3170 natus
495 3112 544 3170 est
570 3113 602 3169 et
624 3111 795 3185 Corneliae,
818 3111 850 3169 in
873 3126 970 3183 quam
994 3111 1163 3184 adoptione
1183 3110 1311 3168 transit.
1356 3110 1406 3167 Sic

275 3219 517 3278 contaminandi
544 3218 680 3277 verbum
707 3219 739 3276 in
761 3218 991 3277 connubiorum
1014 3217 1152 3275 materia
1173 3217 1276 3275 utitur
1297 3217 1405 3274 Livius

276 3325 329 3384 IV.
361 3327 389 3385 2.
426 3357 455 3366 —
502 3325 629 3384 Clodius
661 3340 734 3398 ergo
762 3326 822 3383 hac
852 3325 1021 3398 adoptione
1048 3324 1259 3396 contaminat,
1280 3324 1404 3385 miscet.

276 3432 441 3505 perturbat
470 3432 641 3504 utramque
660 3433 790 3505 gentem
811 3433 845 3489 in
866 3447 964 3505 quam
987 3431 1071 3490 aliud
1094 3433 1125 3488 et
1147 3445 1268 3488 novum
1289 3444 1406 3488 nornen

291 3671 312 3737 1)
347 3671 481 3727 Donatus
508 3672 538 3725 in
567 3685 694 3726 errorem
720 3671 859 3725 inductus
887 3671 933 3724 est
960 3684 1016 3724 usu
1036 3669 1124 3723 huius
1145 3668 1233 3736 verbi,
1253 3667 1302 3735 qui
1320 3666 1408 3733 vulgo

272 3762 349 3829 apud
366 3761 533 3816 Ciceronem
552 3762 582 3815 et
600 3761 775 3815 recentiores
793 3760 912 3815 obtinet.
951 3759 1023 3814 Vide
1040 3759 1076 3812 ad
1095 3758 1221 3812 Andriae
1238 3757 1308 3824 prol.
1327 3771 1345 3809 v
1367 3757 1409 3810 16.

275 3850 407 3920 „Proprie
435 3850 632 3905 contaminare
660 3850 713 3917 est,
742 3849 878 3903 manibus
905 3847 967 3902 luto
985 3847 1078 3915 plenis
1093 3845 1199 3913 aliquid
1217 3845 1361 3911 attingere
1379 3845 1409 3898 et

272 3940 470 3996 contaminare
498 3941 528 3993 et
558 3939 726 4005 contingere
753 3940 800 3992 est
827 3938 858 3991 et
884 3936 1020 4004 polluere.
1052 3963 1079 3972 -
1112 3934 1203 4000 Tangi
1230 3935 1261 3987 et
1287 3932 1410 3998 relinqui

272 4027 382 4096 polluta
398 4041 489 4082 manu
507 4041 541 4082 ac
559 4041 610 4094 per
627 4027 682 4081 hoc
700 4025 781 4080 velut
799 4025 907 4080 foedari
925 4026 978 4079 aut
995 4023 1142 4092 maculari,
1161 4024 1195 4077 ut
1212 4023 1274 4090 ipse
1291 4021 1346 4076 ait:
1364 4019 1409 4076 Ne

272 4116 328 4171 hoc
356 4117 495 4184 gaudium
525 4116 705 4170 contaminet
732 4116 793 4169 vita
822 4115 1001 4182 aegritudine
1028 4112 1131 4179 aliqua.
1171 4141 1197 4148 -
1238 4111 1270 4165 Id
1298 4113 1343 4165 est
1371 4123 1408 4164 ex

272 4204 374 4259 multis
394 4220 483 4259 unam
501 4219 560 4259 non
578 4206 680 4260 decere
698 4203 818 4258 iacere''.

308 4294 343 4348 In
360 4296 508 4362 postrema
526 4293 717 4362 explicatione
735 4293 852 4361 propius
871 4293 907 4347 ad
924 4306 1028 4346 verum
1045 4290 1175 4345 accessit.
