3386 5046
831 547 870 604 45

284 732 436 807 ,denique
460 732 521 792 sibi
542 733 702 792 contraria
724 732 831 806 sentit,
854 747 962 790 rerum
984 733 1170 792 necessitati
1192 734 1275 793 cedit
1296 734 1417 794 invitus

284 839 365 914 ,(Ν.
387 839 483 899 6-V.
506 839 564 912 3)’'.

321 946 477 1020 Incipiam
505 961 665 1021 quaerere,
695 947 854 1020 quantum
881 946 1087 1005 tribuendum
1116 947 1158 1004 sit
1181 946 1417 1022 offensionibus,

281 1067 362 1125 quas
393 1053 435 1111 in'
457 1055 518 1112 hac
551 1053 679 1112 fabulae
710 1055 802 1127 parte
834 1053 986 1126 expertus
1016 1053 1065 1110 est
1094 1053 1274 1128 Nencinius,
1308 1055 1419 1114 deinde

281 1160 420 1234 exigam,
454 1175 494 1219 an
526 1161 608 1220 ratio
639 1162 756 1219 harum
787 1174 904 1233 rerum,
934 1159 1062 1232 qualem
1095 1161 1178 1233 apud
1209 1161 1418 1220 Menandrum

282 1265 381 1324 fuisse
401 1267 462 1325 sibi
484 1265 584 1341 fingit,
607 1267 723 1325 melius
746 1267 834 1325 stare
854 1266 966 1340 possit.

322 1373 468 1432 Primum
499 1389 563 1432 non
594 1374 695 1448 video,
719 1388 775 1432 cur
798 1373 913 1446 aliquis
934 1373 1065 1431 haereat
1086 1373 1119 1432 in
1142 1388 1187 1447 eo,
1211 1374 1295 1446 quod
1316 1374 1416 1448 Micio,

281 1480 336 1552 qui
355 1495 385 1541 ν.
409 1481 467 1540 706
489 1481 620 1554 abierat,
643 1497 674 1540 v,
697 1481 755 1540 719
777 1480 887 1539 redeat
907 1479 941 1537 in
963 1494 1105 1540 scenam.
1127 1479 1240 1539 Nonne
1259 1480 1417 1554 temporis

281 1586 310 1644 ei
340 1587 422 1645 satis
455 1588 523 1645 erat
555 1587 591 1645 ut
622 1587 712 1645 iussa
744 1587 834 1646 daret
866 1586 992 1646 servis?
1023 1585 1107 1646 Nihil
1138 1586 1211 1645 huic
1232 1586 1302 1646 loco
1322 1587 1416 1661 inest,

281 1693 365 1751 uude
395 1693 464 1752 iure
495 1693 704 1753 offensionem
736 1694 854 1767 capias.
886 1693 956 1753 Vid.
986 1693 1025 1752 H.
1049 1693 1084 1752 Τ.
1106 1693 1273 1754 1110011111.
1300 1694 1417 1755 Μ110111.

282 1800 369 1859 1901.
392 1816 420 1873 p.
443 1802 511 1860 373.

320 1907 409 1982 Quod
441 1908 564 1966 adtinet
597 1908 637 1967 ad
662 1907 802 1966 alterum
824 1907 1018 1981 oppositum,
1041 1907 1079 1965 de
1100 1906 1312 1980 repugnantia
1334 1907 1418 1966 inter

280 2027 310 2072 ν.
347 2014 414 2087 719,
448 2015 505 2073 787
538 2015 570 2072 01
602 2015 670 2088 899,
694 2013 862 2073 fatendum
885 2015 935 2072 est
956 2014 1088 2088 poetam
1110 2014 1161 2072 hic
1182 2013 1417 2088 neglegentiam

280 2121 431 2192 quamvis
455 2120 561 2180 levem
584 2121 764 2180 admisisse.
796 2121 867 2180 Non
888 2121 998 2194 magni
1019 2121 1131 2179 tamen
1153 2121 1312 2180 momenti
1334 2122 1417 2180 hanc

281 2241 353 2284 esse
375 2225 508 2285 efficitur
530 2242 570 2285 ex
592 2232 703 2287 tenore
723 2227 785 2287 loci
806 2226 891 2286 illius
905 2228 934 2284 V
946 2229 983 2302 7,
999 2228 1054 2286 ubi
1067 2227 1163 2300 poeta
1177 2227 1317 2286 Demeae
1331 2243 1418 2286 occa·

281 2333 387 2392 0101100
398 2334 550 2407 praebere
561 2334 685 2392 studuit
697 2333 1116 2394 ostentandiliberalitatem
1125 2333 1416 2407 atquelargitatem

280 2454 401 2498 novam
421 2440 673 2514 inauditamque.

321 2547 440 2605 Deinde
467 2545 616 2620 profiteor
643 2563 698 2606 me
724 2548 815 2621 parvi
844 2548 956 2622 lacere,
985 2547 1068 2620 quod
1093 2563 1190 2606 scena
1211 2548 1284 2621 post
1305 2563 1336 2607 v,
1358 2549 1416 2607 712

282 2653 313 2710 et
339 2654 396 2712 787
418 2668 522 2712 vacua
543 2653 740 2727 relinquitur.
783 2655 911 2714 Dudum
936 2654 1171 2714 demonstravit
1191 2654 1363 2727 Ussingius
1383 2654 1416 2712 in

282 2758 375 2819 Proll.
404 2760 561 2819 Plautinis
591 2761 743 2820 Plautum
772 2761 890 2820 saltem
918 2760 995 2820 nihil
1016 2762 1076 2820 hoc
1098 2761 1277 2832 curavisse;
1299 2761 1331 2819 in
1354 2760 1417 2820 alia

281 2867 446 2926 comoedia
467 2867 516 2925 bis
537 2868 628 2925 terve
648 2882 752 2926 vacua
773 2867 969 2942 relinquitur,
985 2869 1017 2927 iu
1033 2868 1096 2927 alia
1111 2868 1229 2942 septies
1245 2867 1416 2926 autetiam

281 2973 391 3048 octies,
423 2973 457 3032 in
488 2974 693 3047 paucissimis
725 2976 856 3034 tanturn
888 2975 1066 3049 quinquies,
1098 2975 1193 3035 Nulla
1221 2975 1287 3033 lere
1308 2973 1417 3032 fabula

282 3079 432 3139 Plautina
464 3081 522 3155 est,
555 3095 638 3154 quae
669 3081 702 3139 in
734 3081 873 3154 quinque
902 3083 995 3140 actus
1017 3082 1111 3141 dividi
1134 3082 1252 3155 potest.
1274 3081 1320 3141 Gt.
1342 3081 1415 3153 Leo,

282 3186 411 3261 Quaest.
444 3187 547 3247 Plaut.
579 3203 608 3261 p.
641 3189 709 3248 209.
741 3188 895 3248 Dziatzko
923 3189 961 3247 de
982 3189 1095 3248 eadem
1120 3188 1309 3262 quaestione
1334 3187 1417 3260 apud

283 3293 470 3352 Terentium
492 3294 556 3366 egit
581 3295 660 3354 Einl.
684 3295 811 3355 Phorm.
833 3311 863 3369 p.
885 3298 924 3355 45
946 3310 1014 3369 sqq.
1038 3297 1135 3368 atque
1156 3307 1193 3354 eo
1214 3294 1367 3369 pervenit,
1380 3294 1416 3351 ut

281 3401 413 3473 negaret
446 3400 633 3460 Terentium
663 3401 696 3461 in
728 3402 867 3475 quinque
892 3402 985 3461 actus
1011 3402 1159 3460 divisisse
1180 3401 1306 3460 fabulas
1328 3414 1415 3460 suas

282 3507 345 3566 Leo
368 3507 446 3565 adeo
467 3507 500 3564 111
522 3522 623 3581 opere,
648 3508 716 3582 ,die
737 3509 841 3568 Plaut.
865 3509 1017 3568 Cantica''
1039 3524 1068 3582 p.
1093 3509 1150 3567 112
1172 3506 1316 3582 scripsit:
1342 3506 1416 3580 ,Die

284 3613 418 3673 Theorie
435 3614 489 3673 der
507 3615 525 3672 5
543 3614 629 3672 Akte
645 3615 690 3672 ist
704 3615 792 3688 jeder
809 3615 965 3688 richtigen
983 3615 1176 3674 Erkenntnis
1191 3614 1245 3673 der
1256 3613 1416 3686 Composi-

282 3721 350 3779 tion
371 3721 416 3779 im
438 3721 569 3794 Wege.”

322 3827 465 3900 Denique
494 3826 667 3886 Nencinius
699 3829 830 3902 poetam
861 3829 1033 3903 vituperat,
1066 3828 1150 3901 quod
1179 3829 1279 3900 Syrus
1300 3841 1331 3886 v.
1358 3827 1416 3885 786

283 3933 371 3991 nulla
391 3949 476 3993 nova
497 3934 607 3992 addita
627 3949 726 3993 causa
748 3935 881 3994 domum
902 3935 1017 3994 reverti
1039 3933 1178 4008 fingitur.
1199 3934 1269 3992 Mea
1287 3933 1415 4006 quidem

283 4040 444 4098 sententia
464 4041 516 4100 hic
536 4056 567 4098 v.
590 4041 618 4100 d.
640 4041 673 4099 in
695 4056 834 4100 errorem
848 4042 981 4102 incidit:
1004 4042 1050 4100 sic
1072 4041 1158 4100 enirn
1180 4055 1216 4099 se
1236 4055 1287 4098 res
1308 4038 1415 4098 habet.

284 4147 384 4218 Syrus
407 4146 590 4220 Ctesiphoni
609 4147 730 4206 dixisse
746 4147 873 4206 videtur
891 4163 926 4206 se
945 4149 1020 4206 ante
1038 4148 1131 4206 aedes
1153 4144 1416 4221 prodeambulare

282 4253 380 4326 velle;
402 4269 480 4312 nam
501 4254 563 4312 nisi
584 4255 644 4313 hoc
665 4254 761 4312 sciret
784 4254 942 4329 Ctesipho,
966 4270 1029 4313 non
1049 4254 1199 4312 iussisset
1220 4253 1415 4312 Dromonem
