3368 5046
810 539 868 600 108

698 721 858 800 Οὐδεμίκκ
883 725 900 798 ἡ
924 732 1019 803 γραῦς
1042 719 1119 798 ὅλως

476 829 589 895 κύλικα
614 840 758 910 παρῆκεν,
783 830 870 894 ἀλλὰ
894 830 973 894 πίνει
997 835 1053 911 τὴν
1077 836 1191 911 κύκλῳ,

274 942 397 1001 dietum
425 942 475 1000 est
497 940 536 999 de
556 955 620 1000 anu
641 940 830 1014 temulenta,
853 939 957 1013 qualis
979 939 1094 1000 Lesbia
1116 940 1150 1004 (Ι.
1172 939 1224 1018 4.).
1246 940 1408 1000 Pertinere

274 1047 366 1108 debet
398 1047 439 1107 ad
469 1023 688 1108 narrationem
719 1046 867 1122 convivii,
896 1046 947 1106 cui
974 1045 1120 1106 interfuit
1148 1047 1264 1106 mulier
1284 1047 1349 1109 illa.
1370 1048 1407 1106 In

274 1154 394 1214 Andria
416 1154 528 1214 autern
549 1154 693 1228 spatium
714 1153 805 1213 deest
826 1153 1003 1214 narrationi
1026 1153 1193 1215 eiusmodi.

313 1262 424 1322 Unum
445 1260 664 1334 fragmentum
685 1260 729 1318 VI

520 1365 565 1428 Τὸ
590 1363 708 1429 παιδίον
732 1362 907 1436 δἐἱσῆλθεν
932 1361 1065 1442 ἑψητοὺς
1090 1363 1181 1450 φέρον

274 1475 344 1534 sine
365 1473 460 1534 dubio
481 1474 568 1534 certo
588 1473 658 1534 loco
681 1473 820 1533 adtribui
837 1474 953 1548 potest,
976 1475 1173 1548 nempeIIP.
1186 1476 1234 1534 31.
1247 1473 1408 1547 suspicari
1484 1509 1490 1519 ι

273 1581 347 1642 11661
365 1582 449 1640 huno
472 1595 544 1639 esse
565 1596 605 1639 ex
628 1581 774 1640 versibus
794 1580 866 1656 illis,
887 1581 1014 1654 utrique
1029 1580 1156 1640 fabulae
1170 1581 1406 1654 communitae,

275 1688 450 1761 dequibus
471 1702 578 1747 sermo
600 1684 636 1745 fit
657 1688 691 1747 in
712 1687 833 1747 scholio
855 1687 895 1746 ad
917 1702 948 1747 v,
970 1688 1018 1747 10.
1039 1687 1119 1746 Vide
1139 1701 1237 1761 supra
1258 1702 1287 1761 p.
1310 1687 1357 1747 71.

315 1795 548 1868 Fragmentum
569 1794 646 1853 VIII
765 1835 768 1843 -

522 1897 598 1962 Οὐδ’
622 1897 717 1972 αὐτὸς
740 1898 803 1974 εἶμι
828 1897 882 1961 σὺν
906 1901 990 1971 θεοῖς
1015 1896 1165 1974 ὑπόξυλος

276 2007 472 2068 aGrauerto
504 2007 537 2066 et
568 2007 720 2067 Nencinio
752 2007 887 2066 refertur
923 2007 962 2067 ad
983 2007 1012 2064 V
1033 2009 1061 2066 4.
1102 2007 1233 2066 Minime
1263 2022 1338 2067 vero
1363 2005 1407 2067 ibi

274 2127 388 2172 versus
410 2114 517 2172 certus
538 2113 671 2173 indicari
692 2115 798 2188 potest
819 2115 893 2173 huic
915 2129 1055 2188 compar.

315 2220 364 2279 lIx
394 2219 443 2295 iis,
476 2235 559 2294 quae
590 2222 764 2279 exsecutus
795 2236 879 2294 surn,
913 2221 1070 2280 evincItur
1103 2234 1208 2280 errare
1238 2220 1320 2294 illos
1353 2220 1408 2293 qui

275 2327 426 2385 statuunt
464 2328 590 2400 praeter
622 2327 795 2387 Charinum
828 2329 861 2386 et
892 2329 1041 2401 Byrriam
1072 2327 1276 2387 consimilem
1308 2327 1408 2386 fuisse

275 2434 431 2492 Andriam
453 2437 550 2508 atque
571 2434 778 2495 Perinthiam.
802 2435 834 2494 Si
856 2436 927 2508 quis
950 2435 1037 2494 enim
1057 2435 1181 2509 integro
1204 2435 1321 2509 animo,
1344 2449 1408 2494 non

275 2542 483 2614 praesumpta
504 2540 651 2614 opinione
672 2540 711 2599 de
731 2540 856 2600 ratione
876 2541 960 2600 inter
980 2541 1137 2601 Andriam
1159 2541 1190 2599 et
1209 2538 1408 2600 Perinthiam

275 2646 500 2722 Intercedente‚
528 2648 608 2706 haec
629 2647 811 2721 fragmenta
832 2648 1017 2721 recognovit
1040 2649 1138 2720 atque
1159 2647 1278 2705 frustra
1300 2645 1408 2706 locum

275 2753 308 2812 in
329 2754 449 2813 Andria
471 2754 610 2814 Terentii
630 2755 671 2813 iis
693 2755 859 2828 assignare
880 2755 1017 2814 conatus
1039 2756 1097 2828 est,
1122 2753 1275 2827 agnoscet
1297 2752 1409 2811 diacre·

277 2852 422 2924 partiam
454 2853 638 2912 comoediae
669 2853 836 2926 utriusque
866 2853 900 2912 in
921 2853 1016 2911 rebus
1037 2867 1102 2911 non
1122 2865 1252 2925 prorsus
1273 2849 1408 2910 minutis

278 2957 359 3016 satis
381 2973 536 3032 magnam
558 2959 666 3020 fuisse.
