3386 5046
824 549 862 608 26

275 734 546 810 Reifferscheidtas
568 735 717 808 ostendit,
739 735 848 796 locum
869 734 977 807 procul
1000 734 1094 794 dubio
1116 735 1307 795 lacunosum
1329 752 1409 812 esse,

276 841 359 915 quod
391 842 419 899 ei
448 841 615 914 assentior,
646 841 794 914 quicquid
824 840 1005 914 obloquitur
1033 843 1166 901 Nencini
1184 859 1216 916 p.
1239 845 1297 930 129
1318 860 1349 901 n.
1371 847 1408 918 3.,

275 964 339 1008 000
361 964 423 1022 quo
444 949 612 1023 tantopere
634 963 687 1006 1110
709 947 848 1008 offendat
870 963 949 1006 usus
971 949 1147 1022 particulae
1166 965 1253 1023 0010,
1270 951 1325 1009 sed
1339 952 1410 1024 ipsa

275 1070 335 1130 res,
359 1070 442 1128 quae
464 1071 482 1114 a
504 1055 766 1129 praecedentibus
787 1070 917 1128 prorsus
939 1056 989 1113 est
1010 1056 1145 1117 diversa.

315 1161 552 1236 Difficillimum,
575 1162 694 1220 nedum
716 1162 949 1235 desperandum
970 1163 1019 1220 est
1043 1163 1208 1222 enucleare
1228 1178 1287 1224 nos
1306 1180 1408 1237 posse,

276 1283 359 1342 quae
383 1268 438 1326 illa
459 1269 673 1342 discrepantia
691 1268 796 1328 fuerit.
837 1269 886 1328 Ex
908 1269 996 1327 brevi
1016 1270 1077 1328 hac
1100 1271 1261 1329 sententia
1283 1271 1327 1329 nil
1348 1271 1410 1329 nisi

275 1376 335 1435 hoc
353 1377 440 1435 certo
456 1375 600 1435 concludi
611 1377 727 1450 potest,
739 1376 772 1434 in
783 1376 935 1450 principio
948 1376 1075 1435 fabulae
1087 1377 1205 1450 aliquid
1217 1377 1409 1437 discriminis

277 1481 377 1542 fuisse
396 1483 479 1541 inter
500 1483 709 1542 Menandrum
731 1484 763 1540 01
785 1483 988 1543 Terentium:
1011 1482 1147 1542 fueritne
1167 1485 1228 1543 hoc
1249 1499 1347 1558 grave
1368 1500 1409 1543 an

275 1588 387 1664 levius,
410 1590 443 1648 in
458 1589 562 1649 forma
578 1605 618 1648 an
633 1590 666 1648 in
679 1590 784 1664 rebus,
802 1590 834 1648 in
849 1590 960 1663 paucis
974 1591 1121 1648 versibus
1136 1606 1178 1650 an
1191 1591 1225 1649 in
1239 1606 1409 1649 scenarum
1484 1671 1486 1676 A

276 1697 463 1756 oeconomia
493 1697 644 1770 positum,
674 1711 804 1769 prorsus
831 1697 991 1755 incertum
1022 1698 1081 1756 001.
1130 1698 1281 1757 Fortasse
1309 1698 1409 1757 Varro

275 1802 353 1862 nihii
376 1803 461 1862 aliud
478 1804 620 1876 respexit
639 1818 738 1876 quam
753 1803 893 1862 formam
905 1804 1063 1876 soliloquii
1074 1805 1217 1864 Micionis
1230 1820 1249 1864 a
1261 1805 1409 1864 Terentio

277 1909 378 1968 fusius
400 1911 432 1967 01
455 1910 633 1984 elegantius
655 1909 863 1970 elaboratam.

316 2017 484 2075 Assentior
514 2017 612 2090 igitur
642 2017 831 2076 Dziatzkoni
859 2018 917 2077 Ad.
946 2018 1024 2077 Einl.
1054 2034 1083 2091 p.
1114 2020 1167 2090 1οε
1199 2019 1267 2092 „ich
1295 2017 1411 2092 glaube

276 2122 431 2181 vielmehr
445 2124 506 2180 mit
517 2124 634 2198 1000111,
651 2124 780 2194 (Ι110100)
796 2124 871 2182 dass
883 2124 983 2184 Varro
1002 2126 1052 2184 1101
1063 2127 1186 2183 0010010
1199 2125 1409 2198 angefdhrten

275 2229 377 2289 Urtail
417 2231 494 2288 iiber
534 2231 593 2288 den
631 2230 760 2304 Anfang
791 2231 845 2289 der
875 2232 1038 2305 Adelphoe
1069 2248 1110 2290 an
1142 2232 1234 2291 keine
1265 2239 1410 2305 grassare

275 2336 555 2412 verschiedenheit
577 2338 631 2395 der
656 2336 832 2396 Oakoaomr'c
849 2337 985 2410 gedacht
1002 2338 1090 2398 hat”.
1113 2339 1194 2398 Cum
1208 2338 1261 2396 ille
1274 2339 1409 2396 verbum

279 2443 510 2517 ,Oekonomie”
542 2445 718 2504 maioribus
749 2445 836 2517 typis
869 2445 1091 2503 excudendum
1123 2445 1292 2520 curaverit,
1324 2445 1409 2503 idem

275 2551 417 2609 indicare
437 2551 579 2610 voluisse
599 2552 776 2610 censendus
798 2553 858 2625 est,
881 2552 964 2624 quod
986 2567 1083 2625 supra
1104 2553 1262 2625 proposui.

316 2658 388 2716 Iam
419 2657 619 2732 perlustrabo
651 2659 758 2717 varias
790 2659 957 2718 doctorum
989 2659 1195 2733 suspiciones,
1227 2674 1244 2717 e
1271 2673 1408 2733 quarum

277 2763 464 2822 diversitate
496 2765 609 2837 cuique
640 2765 852 2823 manifestum
883 2764 947 2840 fiet,
981 2781 1079 2839 quam
1107 2767 1230 2825 lubrica
1258 2767 1301 2824 sit
1329 2767 1408 2824 haec
1535 2755 1538 2760 ’

276 2871 421 2944 quaestio
448 2872 479 2928 et
501 2872 659 2944 quantum
680 2872 793 2931 incerti
814 2873 847 2930 in
868 2887 904 2931 sa
924 2873 1064 2931 habeant
1086 2874 1249 2946 opiniones
1270 2873 1408 2932 illorum.

315 2978 338 3036 Ε
371 2977 530 3046 1100110011
561 2979 731 3053 sententia,
765 2979 850 3038 edita
881 2980 913 3039 in
945 2981 1025 3040 Nou.
1057 2982 1140 3041 Ann.
1173 2981 1251 3040 Phil.
1279 2996 1307 3040 a.
1331 2981 1408 3038 1834

275 3099 304 3157 p.
337 3085 375 3142 29
407 3099 466 3156 sqq
496 3084 597 3143 Varro
628 3085 688 3144 hoc
719 3086 887 3158 praecipue
917 3087 1070 3161 laudavit,
1104 3087 1187 3161 quod
1219 3089 1283 3147 12.
1307 3088 1323 3145 1
1350 3087 1407 3156 (81)

276 3190 445 3250 Terentius
476 3191 631 3250 Demeam
662 3207 724 3250 non
757 3193 992 3252 resalutantem
1024 3193 1108 3269 fecit,
1141 3196 1177 3253 ut
1208 3194 1408 3253 iracundiam

276 3298 344 3356 eius
366 3297 557 3372 ostenderet,
580 3313 655 3356 cum
678 3299 761 3371 apud
781 3300 990 3358 Menandrum
1012 3301 1152 3360 00101010
1174 3301 1306 3360 solitam
1318 3300 1408 3359 fratri

275 3404 428 3464 redderet.
461 3404 506 3464 (ir.
537 3404 655 3464 Donati
685 3406 843 3465 scholium
871 3407 923 3476 ib.]
951 3408 1080 3481 ,Melius
1105 3424 1203 3481 quam
1228 3406 1407 3480 Menander,

278 3527 396 3586 ,quum
413 3511 464 3569 hic
482 3511 574 3569 illum
593 3511 632 3570 ad
650 3512 789 3585 iurgium
807 3514 1046 3588 promptiorem,
1066 3530 1164 3587 quam
1184 3515 1223 3573 ad
1234 3515 1409 3572 resalutan-

276 3617 353 3676 dum
375 3617 479 3692 fecit”.
501 3619 545 3676 At
566 3619 622 3677 vix
644 3619 791 3679 credibile
813 3621 862 3678 est
877 3621 916 3679 ob
932 3636 1000 3678 rem
1014 3622 1086 3679 tarn
1100 3621 1205 3680 levem
1221 3621 1408 3680 Terentium

275 3724 457 3798 praelatum
479 3725 579 3783 fuisse
599 3726 780 3786 Menandro.

316 3830 491 3890 Granertus
516 3847 545 3904 p.
569 3833 626 3892 145
648 3835 727 3892 haec
748 3834 862 3894 habet:
887 3835 977 3907 ,Wie
998 3850 1089 3908 grass
1111 3835 1197 3894 diese
1217 3834 1420 3908 Aenderung.

275 3953 352 4013 war,
387 3937 470 3996 10001
505 3939 589 3997 010111
623 3940 712 3999 010111
747 3942 900 4014 angeben.
940 3942 992 4000 Sie
1024 3941 1109 4001 kann
1141 3957 1201 4000 nur
1232 3941 1408 4015 Einzelnes,

274 4045 363 4103 nicht
385 4045 435 4103 die
456 4046 649 4120 Gestaltung
671 4047 725 4105 des
748 4047 877 4107 Ganzen
899 4048 1054 4108 botroffeu
1075 4049 1188 4123 haben,
1205 4049 1245 4108 da
1260 4049 1310 4106 die
1325 4049 1410 4106 01010

276 4153 377 4210 Scene
396 4153 479 4211 nach
500 4154 670 4212 Menander
690 4154 788 4214 war'’.
810 4155 899 4214 Haeo
919 4171 995 4215 vero
1017 4171 1107 4215 mera
1128 4155 1266 4230 suspicio
1289 4156 1348 4216 est.

316 4258 427 4317 Ihnius
455 4275 485 4333 p.
511 4262 550 4319 32
574 4260 676 4319 utitur
697 4261 746 4335 110,
769 4275 852 4334 quae
873 4262 1049 4322 Grauertus
1070 4279 1100 4336 p.
1124 4264 1181 4322 132
1202 4262 1317 4322 habet:
1340 4261 1410 4336 „bei
