3368 5046
789 561 845 622 111

251 767 404 827 apparere
424 751 534 812 omnia
556 750 672 810 eiiam
694 750 773 809 nota
795 764 874 823 esse,
896 764 980 822 quae
1000 749 1179 808 Aeschinus
1198 749 1266 808 eius
1281 751 1386 824 gratia
1474 798 1479 804 .

250 859 415 933 peregerat
438 872 577 930 eumque
596 857 666 916 ideo
688 856 852 914 neminem
873 855 1049 929 nominare,
1070 870 1162 928 aquo
1174 870 1243 915 rem
1255 855 1386 917 edoctus

251 966 303 1040 sit,
326 966 402 1038 quia
421 965 490 1038 ipse
510 962 649 1037 raptioni
662 963 817 1023 interfuit.

292 1073 328 1130 ln
357 1087 403 1146 eo,
428 1070 513 1144 quod
537 1071 659 1129 Demea
680 1071 719 1134 lv.
742 1071 810 1140 355)
833 1069 964 1129 demum
986 1069 1139 1142 resciscit,
1159 1069 1387 1143 Ctesiphonem

251 1178 413 1238 adiuvisse
430 1177 572 1251 fratrem,
596 1176 752 1235 eximiam
773 1175 936 1235 Menandri
958 1176 1062 1234 artem
1085 1175 1233 1250 admiror,
1249 1176 1387 1250 quirem

250 1285 298 1343 sic
323 1284 476 1358 instituit,
499 1284 535 1342 ut
556 1284 677 1342 Demea
699 1281 826 1342 fabulae
846 1282 937 1341 initio
959 1296 1122 1340 rumorem
1145 1297 1265 1356 vagum
1290 1284 1387 1358 atque

249 1391 409 1450 incertum
437 1390 569 1448 tantum
598 1388 730 1463 audiret,
761 1389 926 1462 aliquanto
954 1387 1027 1462 post
1051 1403 1086 1446 re
1106 1389 1283 1462 perquisita
1303 1403 1387 1449 com-

251 1499 366 1570 periret
398 1495 625 1569 Ctesiphonem
657 1496 748 1556 fratri
772 1511 866 1568 opem
896 1496 1019 1570 tulisse,
1043 1497 1142 1556 donec
1164 1495 1298 1554 tandem
1318 1496 1386 1555 Va

252 1604 320 1662 suis
351 1603 452 1663 oculis
483 1603 605 1661 videret
640 1601 742 1667 filium
774 1603 1007 1662 comissantem
1026 1617 1100 1664 cum
1122 1602 1265 1682 psaltria,
1289 1602 1387 1675 atque

250 1710 410 1784 iuvenem,
433 1710 500 1768 suis
522 1709 700 1783 praeceptis
721 1710 874 1783 perpetuo
893 1710 1067 1784 imbutum,
1089 1725 1110 1768 a
1131 1709 1266 1782 paterna
1282 1708 1388 1769 indole

251 1831 381 1890 prorsus
429 1816 603 1875 descivisse
649 1816 681 1874 et
728 1830 840 1874 revera
883 1814 1032 1875 facinoris
1076 1816 1243 1875 auctorem
1287 1815 1387 1874 fuisse

252 1923 460 1996 intellegeret.

292 2031 379 2105 Quae
398 2030 431 2088 in
445 2029 566 2103 reliqua
582 2029 691 2088 fabula
703 2029 909 2088 oeconomiae
919 2029 1000 2087 vitia
1010 2029 1226 2104 inveniuntur,
1238 2044 1386 2089 seorsum

251 2137 392 2194 tractavi
423 2151 449 2196 c.
471 2139 499 2210 4,
529 2135 604 2209 quia
632 2134 745 2194 multis
766 2135 983 2209 gravibusque
1004 2136 1172 2196 doctorum
1194 2135 1386 2196 coniecturis

252 2242 546 2302 demutationibus
568 2257 588 2300 a
610 2242 758 2302 Terentio
780 2242 875 2300 factis
896 2243 1052 2316 originem
1073 2243 1237 2303 dederunt.

294 2350 430 2423 Pergam
450 2349 518 2408 iam
539 2348 706 2424 inquirere,
729 2348 762 2408 in
784 2348 946 2408 Andriane
967 2365 1093 2422 quoque
1113 2349 1196 2408 tales
1217 2349 1387 2409 molestiae

254 2456 442 2528 deprehendi
463 2456 596 2530 possint,
620 2456 731 2530 quales
752 2456 784 2515 in
807 2456 958 2530 Adelphis
979 2471 1038 2516 nos
1060 2457 1238 2516 morantur.
1332 2488 1337 2498 ·

291 2563 398 2636 Atque
425 2563 566 2636 primum
591 2578 654 2623 non
676 2577 811 2636 possum
832 2563 907 2636 quin
934 2562 1030 2621 mirer
1057 2563 1183 2622 Sosiam
1203 2563 1282 2621 nihil
1303 2576 1386 2621 com·

251 2670 372 2743 perisse
395 2669 435 2728 de
454 2670 641 2743 nuptiarum
663 2669 873 2730 recusatione.
897 2670 958 2729 Gur
978 2661 1031 2727 ille
1051 2670 1131 2728 haec
1151 2669 1286 2742 ignorat,
1309 2683 1385 2728 cum

251 2777 364 2834 tamen
396 2776 427 2833 et
458 2776 568 2834 Davus
600 2770 687 2849 (vide
717 2792 747 2836 r.
781 2777 847 2847 177)
881 2777 913 2834 et
946 2776 1132 2849 Pamphilus
1162 2776 1243 2840 (vide
1267 2790 1298 2836 u.
1317 2776 1384 2846 241)

253 2882 335 2940 bene
354 2881 487 2941 norint?

293 2988 377 3047 Item
397 2988 479 3046 Davi
504 2989 603 3047 verba
623 3004 654 3049 v.
679 2989 836 3048 175-182

332 3095 478 3170 Mirabar,
500 3095 560 3154 hoc
582 3095 610 3153 si
631 3095 678 3154 sic
700 3096 818 3156 abiret:
844 3097 876 3154 et
898 3096 942 3155 eri
963 3111 1089 3169 semper
1109 3095 1226 3156 lenitas

333 3201 473 3260 Verebar
495 3216 650 3275 quorsum
672 3203 836 3263 evaderet:

334 3308 393 3383 Qui
413 3309 588 3382 postquam
609 3309 753 3367 audierat
774 3324 838 3368 non
864 3308 976 3368 datum
998 3310 1036 3368 iri
1057 3308 1121 3369 filio
1143 3324 1279 3370 uxorem
1300 3323 1359 3368 suo

332 3414 519 3488 Numquam
558 3415 733 3488 quoiquam
768 3417 917 3475 nostrum
949 3417 1083 3476 verbum
1117 3416 1191 3474 iecit
1223 3430 1325 3489 neque
1355 3415 1387 3474 id

1188 3537 1281 3595 aegre
1300 3520 1386 3582 tulit.

334 3627 370 3685 Id
390 3628 492 3688 voluit
513 3643 574 3688 nos
595 3629 641 3687 sio
664 3629 884 3703 necopinantis
907 3630 978 3689 duci
1000 3630 1081 3689 salso
1103 3629 1227 3703 gaudio,

339 3734 501 3806 Sperantis
534 3735 601 3794 iam
633 3736 745 3796 amoto
777 3737 868 3794 metu
888 3736 1011 3795 interea
1032 3735 1201 3796 oscitantis
1223 3735 1367 3810 opprimi,

332 3838 378 3898 Ut
399 3854 440 3898 ne
462 3843 546 3899 esset
569 3842 712 3914 spatium
734 3842 894 3916 cogitandi
917 3843 956 3900 ad
978 3842 1204 3901 disturbandas
1226 3842 1366 3916 nuptias.

198 4031 199 4034 Ἴ
253 3946 383 4018 negotia
405 3947 566 4022 exhibent,
588 3949 616 4006 si
639 3948 812 4022 explanare
832 3949 968 4008 conaris.

260 4098 264 4105 ,
295 4052 382 4127 Quae
410 4051 485 4112 dicit
512 4054 622 4113 Davus
644 4070 674 4113 v.
698 4057 764 4130 177,
788 4055 857 4114 sine
879 4053 972 4115 dubio
995 4055 1154 4129 pertinent
1180 4055 1219 4114 ad
1240 4055 1280 4130 id,
1302 4055 1387 4128 quod

254 4158 404 4217 narratur
431 4160 446 4217 Ι
468 4160 495 4220 1.
518 4161 574 4220 177
604 4177 672 4235 sqq.
700 4162 851 4222 Chremes
882 4177 998 4235 nempe
1019 4163 1218 4236 compererat
1239 4162 1272 4220 in
1293 4162 1387 4234 Chry·

256 4264 333 4323 sidis
365 4264 474 4326 funere
506 4267 665 4341 Pamphili
697 4283 842 4329 amorem
874 4283 948 4342 erga
976 4268 1159 4342 Glycerium
1186 4267 1386 4342 patefactum
