3368 5046
785 549 841 610 101

287 737 357 798 Hoc
377 736 480 798 levius
491 737 550 811 est,
562 736 620 795 sed
633 737 761 811 gravior
776 737 874 810 atque
888 737 1020 797 maioris
1035 739 1194 798 momenti
1208 737 1379 799 difficultas

250 845 310 918 est,
331 843 365 903 in
386 857 450 918 qua
470 841 644 903 haeserunt
667 843 752 904 docti
772 843 806 902 in
826 860 858 904 v.
880 846 908 917 ὅ,
931 845 1019 916 (986).

267 951 392 1012 Chrem.
433 951 504 1011 Non
535 964 621 1011 nova
651 950 753 1010 istaec
784 951 864 1010 mihi
895 951 1081 1025 condiciost,
1113 952 1142 1010 si
1172 951 1359 1028 voluissem,

1172 1059 1359 1133 [Pamphile.

288 1163 392 1239 quid?
412 1163 553 1224 Novitne
573 1163 671 1238 igitur
691 1163 724 1224 in
746 1163 855 1223 sabula
876 1165 989 1224 nostra
1010 1164 1161 1224 Chremes
1183 1165 1382 1227 Charinum?

247 1271 328 1332 Cum
349 1271 446 1344 probe
466 1271 563 1329 sciret
582 1269 821 1330 adulescentem
836 1270 1030 1344 modestum,
1053 1271 1210 1345 frugalem
1224 1287 1379 1346 generum

246 1377 307 1437 sibi
337 1378 489 1452 paratum
511 1392 591 1452 esse,
619 1392 695 1437 cum
717 1377 927 1451 comperisset
948 1377 1049 1452 illum,
1072 1393 1168 1452 quem
1190 1379 1274 1440 ultro
1295 1377 1380 1439 filiae

246 1484 352 1543 virum
383 1484 580 1559 poposcerat,
613 1484 808 1544 dissolutum
840 1485 872 1543 et
900 1483 1034 1544 infidum
1065 1501 1144 1561 esse,
1174 1486 1378 1546 nihilosecius

245 1592 330 1650 hunc
361 1591 470 1665 potius
500 1605 654 1665 generum
685 1591 746 1650 sibi
779 1590 915 1650 adscivit
947 1594 1046 1667 pater,
1080 1593 1133 1665 qui
1161 1591 1262 1652 filiam
1283 1608 1379 1653 suam

245 1697 339 1757 valde
369 1712 405 1757 se
435 1698 564 1772 diligere
584 1696 796 1773 profiteatur?
826 1698 927 1759 Estne
958 1713 1050 1774 porro
1072 1699 1220 1758 credibile
1240 1700 1377 1775 Davum,

246 1818 321 1863 curn
336 1804 424 1864 dolos
440 1805 587 1879 strueret,
603 1806 639 1864 ut
655 1805 813 1879 Pamphili
828 1806 958 1880 nuptias
972 1806 1178 1878 disturbaret,
1199 1821 1378 1880 numquam

245 1910 331 1971 illius
353 1911 472 1971 aemuli
493 1912 653 1972 rationem
673 1912 834 1986 habuisse,
861 1912 945 1985 quod
966 1913 1126 1986 quantum
1147 1912 1288 1972 consiliis
1310 1914 1378 1972 eius

246 2017 396 2092 prodesse
416 2019 566 2094 potuerit,
588 2020 621 2077 in
643 2019 753 2093 aperto
776 2020 851 2080 est?

267 2125 495 2185 Commeatum
509 2125 608 2199 igitur
620 2127 681 2185 hoc
695 2141 771 2185 cum
785 2126 914 2202 Andria,
938 2126 974 2185 ut
988 2141 1073 2186 nunc
1088 2141 1124 2184 se
1137 2126 1243 2201 habet,
1263 2142 1378 2200 pamm

246 2233 396 2293 convenit
420 2248 479 2292 nec
499 2235 613 2292 tamen
633 2233 707 2292 inde
727 2233 872 2306 sequitur
892 2234 1072 2307 profectum
1088 2248 1159 2292 esse
1174 2249 1191 2292 e
1206 2234 1377 2307 Perinthia,

247 2353 346 2412 quam
377 2339 528 2398 manibus
558 2340 699 2399 tenuerit
726 2340 822 2399 huius
844 2341 951 2399 exitus
973 2341 1094 2414 auctor,
1123 2340 1206 2413 quod
1228 2341 1378 2414 opinatus

247 2446 295 2504 est
317 2445 485 2505 Brauntus
505 2462 534 2520 p.
558 2447 605 2507 19.
649 2447 776 2522 ,Neque
808 2447 886 2508 adeo
915 2447 1061 2520 equidem
1083 2447 1268 2520 negaverim
1290 2461 1374 2520 eum,

246 2565 321 2611 cum
351 2553 435 2612 hanc
462 2567 595 2612 scenam
624 2554 762 2629 adderet,
793 2554 974 2628 inspexisse
1000 2568 1151 2628 graecam
1179 2553 1377 2613 Perinthiam

247 2659 344 2732 atque
365 2661 404 2719 ab
426 2675 464 2720 ea
484 2661 591 2720 totam
612 2675 745 2720 scenam
766 2661 930 2735 repetisse.
959 2661 996 2719 In
1015 2660 1178 2719 Perinthia
1192 2659 1287 2734 enirn,
1302 2666 1378 2718 curn

246 2765 286 2825 ad
306 2766 461 2826 Andriam
491 2768 661 2827 Menander
692 2768 737 2828 nil
768 2768 830 2826 nisi
852 2767 980 2828 Charini
1001 2767 1108 2840 partes
1131 2765 1268 2841 adderet,
1301 2765 1377 2824 talis

246 2873 362 2948 eritne,
383 2874 417 2933 in
438 2887 502 2947 qua
523 2875 624 2934 etiam
646 2875 782 2935 Charino
804 2874 937 2948 nuptiae
957 2873 1157 2947 contingunt,
1180 2873 1255 2946 quin
1271 2871 1375 2948 fuerit,

245 2994 309 3039 non
340 2980 472 3040 dubium
503 2981 584 3040 mihi
614 2981 749 3043 videtur.
791 2982 936 3054 Eamque
964 2980 1146 3040 Perinthiae
1166 2994 1299 3039 scenam
1322 2981 1378 3039 aut

244 3100 374 3160 prorsus
404 3088 612 3148 transtulisse
644 3089 700 3146 aut
731 3089 818 3148 certe
849 3089 1000 3147 secutum
1022 3101 1094 3146 esse
1114 3088 1192 3161 puto
1214 3102 1298 3161 eum,
1325 3087 1379 3160 qui

248 3191 366 3252 addidit
387 3193 525 3253 alterurn
547 3195 675 3254 exitum
696 3195 836 3255 Andriae
858 3195 1016 3255 Terenti?

286 3301 430 3374 Suspicio
457 3316 548 3360 mera
572 3303 631 3375 est,
654 3301 863 3362 fundamento
885 3302 1015 3362 omnino
1036 3316 1157 3376 carane,
1179 3301 1231 3359 cui
1250 3301 1378 3373 insuper

245 3407 529 3467 vehementissime
556 3410 721 3484 repugnat,
747 3409 831 3483 quod
852 3410 902 3468 hic
924 3409 1004 3468 alter
1025 3408 1132 3466 exitus
1154 3407 1379 3480 qualicumque

246 3514 341 3573 modo
373 3515 508 3574 adsutus
537 3517 586 3574 est
608 3516 716 3575 versui
738 3516 832 3574 alicui
854 3532 895 3575 ex
916 3515 1054 3574 Andriae
1075 3513 1288 3587 catastrophe,
1310 3513 1379 3586 ipse

246 3635 300 3694 per
336 3636 373 3679 se
406 3637 526 3682 novam
557 3622 685 3682 fabulae
714 3623 976 3682 terminationem
1007 3637 1070 3681 non
1103 3619 1206 3680 efficit.
1248 3620 1319 3679 Iam
1350 3620 1378 3678 si
1405 3685 1409 3692 ,

246 3725 361 3784 damus
402 3728 550 3802 Braunio,
590 3729 770 3788 Perinthiae
807 3729 1035 3802 catastrophen
1070 3726 1162 3786 aliter
1191 3725 1378 3785 institutam

246 3831 353 3906 fuisse,
369 3849 468 3906 quam
482 3836 620 3894 Andriae
633 3835 762 3910 latinae,
779 3836 864 3908 quod
877 3836 971 3909 plane
985 3850 1043 3894 nos
1054 3834 1200 3907 ignorare
1212 3832 1378 3892 fatendum

244 3940 304 4013 est,
336 3940 588 4000 concludendum
619 3943 692 4001 inde
723 3943 822 4001 etiam
854 3957 986 4001 scenam
1018 3941 1166 4014 quintam
1194 3940 1226 3998 et
1247 3940 1377 3997 sextam

245 4045 387 4105 diversas
416 4047 524 4122 luisse,
550 4063 614 4109 non
635 4050 767 4108 tantum
788 4064 904 4107 scenae
925 4049 1039 4107 sextae
1059 4063 1202 4124 pannum
1224 4047 1378 4106 adsutum

245 4167 324 4212 esse.
366 4153 450 4213 Nam
479 4156 661 4245 'verisimile
699 4157 748 4215 est
784 4156 1031 4229 discrepantiam
1066 4156 1149 4214 inter
1180 4153 1377 4213 Perinthiam

243 4259 461 4334 Andriamque
491 4276 647 4335 magnam
677 4263 803 4336 partem
834 4263 867 4320 in
898 4277 934 4322 eo
957 4263 1057 4322 sitam
1078 4261 1186 4342 fuisse,
1209 4259 1293 4333 quod
1312 4258 1376 4317 illic
