3386 5046
841 518 881 577 20

292 707 333 766 ad
353 707 551 766 Aeschinum
574 704 705 779 adtinet,
729 704 797 763 eius
819 717 945 777 quoque
959 718 1095 776 persona
1110 704 1225 777 pendet
1241 719 1259 762 a
1273 705 1432 778 raptione.

292 813 376 872 Mam
410 813 559 872 Sostrata
590 812 622 870 01
655 811 745 884 Geta,
779 810 833 884 qui
864 824 994 884 prorsus
1026 810 1185 884 ignorant,
1218 811 1293 884 quid
1324 813 1428 886 raptio

289 919 345 978 illa
365 920 427 978 sibi
443 919 530 993 velit,
546 918 715 992 desperant
730 917 769 976 de
783 915 997 976 adulescentis
1014 915 1084 989 fide,
1101 917 1254 990 Hegionis
1270 917 1431 977 auxilium

291 1027 443 1086 invocant
466 1026 563 1099 atque
583 1026 631 1084 ita
651 1025 742 1084 Micio
765 1025 797 1083 et
818 1024 939 1082 Demea
960 1024 1134 1083 veritatem
1156 1025 1327 1098 reperiunt.

331 1133 431 1206 Atqui
467 1133 568 1206 ipsius
607 1132 754 1190 Meinekii
792 1131 906 1205 opinio,
944 1130 1028 1204 apud
1060 1130 1270 1190 Menandrum
1303 1147 1433 1205 quoque

290 1240 459 1300 inductum
488 1239 588 1298 fuisse
609 1239 757 1298 lenonem
780 1253 855 1296 cum
877 1238 1037 1296 Aeschino
1062 1238 1138 1297 ante
1159 1238 1254 1296 aedes
1276 1239 1431 1312 paternas

293 1346 513 1420 altercantem,
546 1346 724 1420 spernenda
752 1346 811 1404 est.
853 1345 998 1403 Nimium
1024 1344 1137 1402 tribuit
1158 1345 1276 1404 Donati
1298 1344 1429 1405 scholiis

293 1453 333 1512 ad
362 1454 392 1512 Π
422 1454 448 1512 1.
477 1455 526 1512 45.
549 1454 581 1510 01
602 1453 633 1510 ΙΙ
654 1454 682 1511 4.
706 1453 754 1511 10.
797 1451 903 1511 Causa
923 1451 1011 1510 nulla
1033 1450 1157 1524 suisset,
1180 1465 1236 1509 0111
1258 1451 1431 1510 Terentius

291 1560 453 1633 Diphilum
485 1558 657 1633 praeferret
688 1558 870 1618 Menandro.
911 1559 995 1616 Nam
1024 1557 1109 1631 quod
1138 1557 1214 1616 dicit
1240 1558 1428 1617 Terentium

292 1666 362 1726 ideo
393 1681 462 1725 rem
493 1667 541 1724 ita
571 1665 762 1738 instituisse,
798 1680 856 1740 ,ne
887 1665 942 1723 uni
974 1665 1084 1724 omnia
1115 1665 1286 1724 Menandro
1316 1665 1433 1724 debere

292 1774 483 1847 videretur”,
507 1773 690 1846 argumenti
712 1773 778 1830 vim
800 1787 864 1831 non
885 1772 992 1830 habet.

334 1881 459 1939 Horum
481 1879 680 1952 opinionibus
702 1878 838 1953 reiectis,
853 1879 1022 1936 videamus
1036 1878 1104 1937 iam
1120 1878 1158 1937 de
1171 1877 1243 1951 illis,
1262 1877 1431 1952 Groacrto,

296 1987 446 2061 Teuffelr'o,
474 1986 632 2060 Nencinio,
659 1986 713 2058 qui
737 2001 802 2044 non
826 1986 958 2044 tantum
983 1985 1122 2058 primam
1147 1966 1280 2043 scenam
1304 1985 1432 2059 Diphilo

294 2094 449 2167 tribuunt,
472 2093 649 2151 sedetiam
672 2092 818 2151 alteram.

336 2201 481 2259 Primum
512 2199 635 2259 lenonis
667 2200 775 2272 partes
807 2199 938 2258 omnino
971 2199 1093 2258 01101100
1118 2213 1190 2256 esse
1217 2199 1433 2258 aMenandro

296 2307 492 2367 contendunt
525 2307 622 2379 atque
651 2307 767 2365 idcirco
800 2305 937 2365 alteram
962 2321 1088 2378 quoque
1109 2320 1242 2364 scenam
1265 2321 1284 2364 a
1305 2303 1432 2378 Diphilo

296 2414 503 2473 derivandam
535 2428 607 2472 esse
638 2414 770 2471 censent
803 2407 951 2485 (Grauert
983 2429 1012 2485 p.
1046 2413 1104 2470 134
1135 2412 1268 2470 1101101111
1295 2429 1324 2485 p.
1347 2410 1432 2487 120.)

297 2521 378 2581 (lum
397 2522 508 2579 tamen
521 2522 749 2593 argumentum
760 2519 885 2577 nullum
897 2519 1096 2592 adduxerint,
1110 2519 1191 2576 satis
1202 2519 1304 2578 habeo
1317 2519 1427 2592 dicere,

296 2629 376 2687 mihi
417 2629 500 2686 hanc
542 2627 759 2700 suspicionem
796 2626 1042 2699 improbandam
1073 2625 1182 2699 videri,
1216 2626 1267 2684 cui
1298 2627 1433 2698 insuper·

296 2735 582 2793 vehementissime
612 2734 778 2806 repugnat,
811 2733 894 2806 quod
915 2733 986 2792 leno
1009 2733 1109 2790 etiam
1129 2733 1162 2790 in
1184 2736 1302 2806 quarta
1322 2746 1431 2806 scena,

297 2857 395 2915 quam
416 2841 462 2899 1111
482 2841 652 2900 Menandro
674 2840 848 2913 vindicant,
861 2840 1020 2912 quaedam
1030 2839 1214 2912 interponit.
1233 2838 1318 2896 Nam
1330 2839 1426 2896 0110111

298 2949 326 3006 01
355 2948 508 3006 Nencinio
537 2948 738 3005 crederemus
765 2947 820 3005 illa
845 2947 967 3004 inserta
977 2961 1061 3004 esse
1082 2961 1101 3004 a
1124 2946 1272 3004 Terentio
1285 2943 1315 3019 ¹),
1338 2960 1431 3018 porro

297 3057 409 3113 tamen
432 3054 648 3126 quaerendum
671 3054 765 3128 esset,
787 3068 844 3111 our
863 3053 1052 3111 inseruisset
1073 3053 1169 3126 poeta
1189 3052 1296 3125 verba,
1314 3052 1434 3124 quibus

299 3161 392 3219 facile
429 3175 536 3218 carere
574 3175 756 3234 possumus,
790 3160 874 3232 quod
909 3158 949 3218 ad
982 3160 1210 3232 argumentum
1243 3159 1431 3217 universum

300 3268 428 3326 fabulae
459 3268 590 3326 adtinet.
632 3267 761 3326 Etenim
783 3267 886 3326 multo
909 3266 1034 3324 facilius
1058 3265 1172 3324 fuisset
1195 3267 1309 3338 poetae
1330 3265 1433 3324 latino

299 3375 327 3432 si
358 3374 506 3433 lenonem
538 3374 568 3431 11
600 3375 628 3433 2.
650 3377 688 3432 45
721 3374 894 3433 abeuntem
926 3371 1074 3431 finxisset
1106 3375 1203 3445 atque
1225 3372 1297 3444 syri
1318 3372 1430 3431 verba:

301 3481 495 3556 ,Paullisper
520 3481 645 3539 mane.”
668 3481 846 3554 paullulum
868 3481 1031 3538 mutasset
1053 3479 1103 3537 vel
1125 3479 1299 3539 omisisset.
1345 3480 1435 3555 Quae

299 3589 432 3647 Mancini
453 3586 473 3648 l.
496 3603 521 3647 c.
543 3588 641 3647 habet
663 3587 701 3646 de
722 3587 838 3660 Diphili
859 3587 1060 3660 praestantia
1080 3587 1113 3644 in
1124 3586 1276 3646 lenonum
1288 3587 1434 3660 personis

301 3695 526 3769 exprimendis,
556 3694 634 3753 nihil
667 3695 706 3752 ad
738 3709 816 3768 rem,
850 3709 925 3753 cum
956 3693 1069 3752 eadem
1101 3693 1300 3767 praestantia
1332 3693 1432 3751 etiam

300 3802 471 3861 Menandro
492 3817 556 3860 non
577 3801 620 3858 sit
642 3800 862 3861 abiudicanda.

340 3909 488 3967 Alterum
531 3909 762 3982 argumentum
792 3909 865 3967 inde
893 3907 1110 3980 repetiverunt
1135 3907 1270 3966 Grauert
1302 3923 1331 3979 p.
1364 3907 1431 3978 134,

303 4016 423 4075 Teuffel
455 4033 484 4089 p.
517 4019 583 4091 284,
615 4017 748 4075 Nencini
777 4032 806 4089 p.
833 4017 899 4089 119,
923 4015 1006 4088 quod
1027 4015 1060 4073 in
1082 4028 1179 4072 scena
1201 4013 1302 4072 altera
1322 4027 1436 4070 revera

336 4146 356 4212 1)
378 4147 478 4217 „Oerle
496 4147 650 4202 Sannionis
669 4161 794 4215 persona
812 4147 925 4214 Diphilo
945 4147 1008 4201 tota
1026 4145 1216 4200 adtribuenda
1233 4145 1286 4214 est,
1306 4143 1438 4211 exceptis

300 4236 439 4305 pauculis,
459 4250 533 4303 quae
552 4236 660 4291 Sannio
680 4238 710 4290 in
728 4250 816 4291 scena
835 4240 939 4303 quarta
956 4233 1141 4303 interponit.”
