3368 5046
831 535 870 593 59

284 722 395 779 autem
415 721 448 778 in
471 736 507 779 eo
529 721 593 778 sita
615 721 673 794 est,
696 720 844 794 quodvis
859 721 998 795 passiva,
1015 735 1214 794 quamquam
1229 721 1419 796 saepissime

283 829 319 886 ut
348 827 508 901 deponens
529 827 704 900 usurpatur
725 828 880 900 gravandi
901 829 1046 901 verbum,
1069 829 1181 888 tamen
1203 839 1265 888 non
1288 843 1417 902 prorsus

284 934 431 1008 exolevit,
464 934 520 992 sed
551 933 690 992 sentitur
721 935 821 993 etiam
852 949 955 1008 neque
986 935 1129 994 multum
1160 933 1304 1008 interest,
1334 937 1418 1009 quod

284 1041 323 1100 ad
354 1039 631 1114 significationem,
664 1040 774 1099 utrum
805 1041 937 1114 passiva
970 1042 1002 1098 vi
1033 1042 1145 1115 utana,
1177 1056 1217 1099 an
1239 1041 1418 1115 deponenti.

283 1147 401 1207 Addita
438 1148 550 1206 tamen
591 1147 784 1221 praepositio
819 1148 898 1222 „de”
929 1147 1089 1221 imprimis
1121 1163 1175 1208 me
1206 1147 1349 1223 adduxit,
1382 1149 1418 1207 ut

284 1254 452 1314 Colmanni
472 1254 697 1326 sociorumque
714 1255 911 1312 sententiam
929 1254 1114 1327 probarem;
1133 1255 1313 1328 comparari
1333 1256 1419 1318 enim

283 1361 391 1434 potest
410 1360 545 1434 proveri
565 1361 602 1419 dc
623 1375 698 1419 cum
719 1361 819 1420 dolere
841 1361 886 1435 de,
905 1361 978 1436 flere
1000 1361 1044 1435 de,
1068 1359 1182 1420 laetari
1202 1362 1247 1421 de.
1269 1362 1419 1422 Ceterum

285 1468 429 1541 suspicor
449 1468 612 1527 Donatum
634 1466 823 1526 mutuatum
836 1481 908 1526 esse
918 1468 1053 1526 verbum
1066 1483 1083 1525 e
1094 1483 1124 1527 v.
1137 1469 1175 1527 19
1188 1483 1246 1542 „ne
1257 1469 1418 1541 gravere'‘,

285 1576 367 1648 quod
398 1576 467 1649 ipse
495 1574 634 1648 explicat
665 1589 733 1648 per:
768 1588 826 1648 „ne
857 1575 891 1633 te
923 1573 1084 1633 difficilem
1116 1573 1269 1648 praebeas
1280 1576 1306 1648 ;'’
1337 1576 1421 1634 unde

283 1681 437 1741 concludo
462 1681 579 1740 Donati
603 1681 701 1738 verba
723 1681 769 1738 sic
790 1681 1031 1754 interpretanda
1052 1695 1139 1740 esse:
1164 1681 1275 1755 „Apud
1296 1682 1420 1740 Menan·

285 1789 378 1847 drum
404 1803 503 1847 senex
532 1803 596 1847 non
625 1785 786 1846 difficilem
814 1802 850 1845 se
876 1788 1006 1861 praebet
1035 1788 1073 1846 de
1093 1787 1244 1862 nuptiie'’.
1264 1788 1420 1862 Exempla

284 1911 369 1970 vero,
408 1895 523 1969 quibus
554 1894 727 1954 Nenoinius
760 1911 789 1968 p.
822 1895 880 1954 146
912 1895 1068 1968 Lessingii
1101 1895 1248 1969 opionem
1279 1895 1421 1954 refellere

285 2003 427 2076 conatur,
451 2003 530 2060 mihi
550 2017 665 2076 parum
686 2001 849 2060 luculenta
871 2002 927 2060 aut
950 2002 1038 2061 certa
1059 2002 1217 2062 videntur.
1239 2003 1367 2061 Etenim
1387 2002 1420 2060 in

285 2109 405 2169 scholio
427 2109 634 2168 Iuvenallanc
656 2109 696 2168 il.
719 2111 747 2169 6.
763 2110 822 2168 260
835 2109 953 2183 „etiam
965 2109 1075 2178 sericis
1087 2109 1233 2168 vestibus
1244 2110 1421 2184 gravantur

285 2231 329 2276 sc.
358 2215 539 2284 mulieres’'‚
567 2216 647 2274 item
672 2216 704 2274 in
730 2216 847 2275 Donati
873 2216 1081 2274 adnotatione
1103 2217 1143 2274 ad
1163 2217 1243 2276 Eun.
1266 2217 1310 2274 IV
1332 2217 1360 2275 2.
1382 2218 1420 2276 9:

287 2325 376 2397 „Iam
398 2338 497 2381 causa
519 2323 578 2396 est,
597 2338 672 2381 oum
686 2322 820 2381 biduum
834 2324 987 2395 gravetur
1000 2321 1070 2380 loco
1084 2323 1180 2394 tristi,
1197 2336 1253 2380 eur
1267 2323 1421 2382 solatium

285 2430 555 2503 conquirendum”
578 2430 690 2489 eodem
711 2429 779 2487 iure
799 2444 855 2502 pro
877 2430 1007 2502 passivo
1028 2429 1138 2487 haberi
1160 2429 1266 2502 potest
1286 2429 1422 2487 verbum

287 2538 384 2610 atque
404 2551 459 2610 pro
481 2536 659 2609 deponenti.
742 2596 744 2600 ,
1438 2603 1447 2612 ,

327 2644 461 2704 Constat
492 2643 590 2716 igitur
621 2644 704 2716 apud
732 2642 942 2702 Menandrum
970 2642 1139 2701 Micionem
1167 2655 1231 2701 non
1261 2639 1422 2700 difficilem

286 2765 322 2808 se
348 2749 534 2823 praebuisse
561 2748 600 2806 de
625 2749 754 2822 nuptiis
793 2751 885 2810 Unus
908 2751 957 2808 est
980 2747 1230 2822 Koenighofflus
1257 2749 1311 2821 qui
1332 2764 1361 2821 p.
1384 2749 1421 2808 17

285 2857 416 2930 poetam
444 2870 597 2929 graecum
623 2871 692 2915 rem
720 2857 766 2915 sio
792 2857 873 2915 bene
901 2857 1083 2915 instituisse
1108 2856 1199 2916 dicit:
1235 2855 1423 2928 „Menander

286 2965 337 3023 hic
365 2979 490 3037 quoque
519 2953 592 3033 ἦθος
614 2963 756 3022 Micionis
784 2964 979 3022 servandum
1009 2963 1133 3021 censuit
1162 2963 1193 3020 et
1222 2963 1276 3035 qui
1297 2977 1424 3035 semper

287 3070 500 3142 omnibusque
537 3069 602 3127 lere
638 3069 738 3128 facilis
771 3070 840 3127 erat
873 3069 1073 3142 aliorumque
1104 3069 1265 3128 voluntati
1298 3084 1423 3128 morem

286 3177 426 3250 gerebat,
455 3177 539 3235 hune
568 3177 707 3234 Demeae
735 3176 843 3234 fratris
875 3176 1007 3249 eiusque
1027 3174 1082 3233 fllii
1103 3176 1249 3248 precibus
1270 3176 1356 3235 haud
1375 3176 1423 3233 ita

288 3282 454 3342 difficulter
475 3283 642 3343 cedentem
662 3282 811 3340 induxit”
833 3283 1046 3355 Nequaquam
1060 3282 1140 3342 mibi
1151 3282 1211 3341 boc
1222 3280 1422 3354 probandum

286 3391 428 3464 videtur;
460 3389 581 3448 etenim
611 3389 644 3446 in
676 3388 798 3462 reliqua
829 3388 938 3448 fabula
969 3389 1117 3446 videmus
1149 3403 1228 3448 sane
1255 3403 1330 3445 eum
1352 3402 1424 3445 esse

287 3499 393 3556 virum
425 3498 546 3556 bonurn
573 3497 671 3569 atque
693 3497 731 3554 ab
754 3497 843 3555 omni
864 3496 1039 3554 severitate
1061 3496 1210 3570 alienum,
1234 3494 1290 3552 sed
1311 3495 1423 3552 tamen

288 3620 449 3678 nusquam
472 3603 609 3662 aliorum
631 3603 832 3676 opinionibus
854 3603 948 3661 valde
962 3603 1192 3676 obsequentem
1208 3615 1310 3673 neque
1320 3601 1424 3660 incon·

289 3712 433 3769 stantem
476 3712 531 3768 aut
574 3710 753 3769 voluntatis
789 3709 939 3770 incertae.
976 3709 1144 3770 Conclusio
1174 3708 1248 3766 inde
1278 3707 1422 3781 infertur,

288 3818 418 3891 nuptias
438 3817 510 3876 illas
534 3818 645 3892 mirae,
668 3832 709 3876 ne
731 3817 837 3875 dicam
857 3817 985 3891 ineptas
1007 3832 1087 3876 esse.
1120 3815 1200 3874 Vide
1220 3814 1424 3887 Lessingium

288 3925 407 3984 Hamb.
428 3925 573 3984 Dramat.
597 3925 643 3985 St.
668 3925 735 3983 100.
760 3925 838 3998 „Der
859 3924 967 3983 blosse
988 3922 1103 3982 Einfall
1119 3923 1173 3980 der
1188 3921 1424 3980 Heiratmaoht

289 4047 349 4090 uns
378 4031 523 4104 Anfangs
552 4047 592 4089 zu
620 4031 750 4103 lachen3
776 4045 870 4089 wenn
893 4031 951 4088 wir
973 4031 1048 4088 aber
1070 4029 1194 4088 endliob
1219 4029 1325 4102 seben,
1348 4028 1424 4085 dass

290 4154 324 4197 es
354 4138 451 4197 Ernst
483 4138 585 4196 demit
618 4138 706 4212 wird,
736 4137 811 4196 dass
834 4137 903 4195 sich
924 4137 1015 4196 Micio
1038 4136 1182 4194 wirklioh
1206 4136 1255 4194 die
1277 4133 1424 4207 Schlinge

289 4246 385 4304 ueber
407 4245 466 4303 den
489 4245 576 4318 Kopf
594 4244 713 4302 werten
735 4244 844 4318 lasset,
867 4244 921 4302 der
943 4258 976 4302 er
993 4243 1054 4302 mit
1070 4244 1155 4302 einer
1170 4242 1312 4315 einzigen
1325 4241 1424 4298 ernst-
