3368 5046
812 552 851 610 62

264 757 417 818 graecum
447 739 679 815 interposuisse
710 738 956 811 descriptionem
984 737 1145 796 malorum
1173 736 1398 809 navigationis,

265 865 347 924 quae
378 864 442 908 non
473 847 604 907 omnino
626 845 808 904 necessaria
840 845 882 902 sit
915 843 1091 917 contextui,
1125 843 1160 902 at
1194 858 1399 915 nequaquam

266 955 425 1016 scholium
452 955 512 1014 hoe
540 953 654 1028 probat
680 951 867 1012 Terentium
897 951 1028 1009 auxisse
1056 950 1221 1024 exemplar
1248 964 1400 1023 graecum

270 1061 507 1138 „additamento
548 1061 633 1118 intra
675 1061 779 1119 certos
820 1056 900 1116 fines
938 1057 1042 1117 consti
1059 1057 1146 1116 uto’'.
1188 1058 1284 1116 Porro
1323 1071 1402 1115 suae

269 1169 442 1242 suspicioni
464 1168 572 1226 favere
593 1167 677 1240 dicit,
700 1166 784 1239 quod
807 1166 860 1240 „ut
883 1180 979 1238 supra
1000 1164 1140 1222 vidimus
1162 1179 1206 1223 so.
1229 1164 1269 1222 ad
1290 1164 1347 1223 ll.
1364 1163 1402 1222 18

270 1276 438 1337 Terentius
466 1274 635 1336 Micionem
663 1271 758 1330 finxit
786 1272 907 1345 nuptiis
930 1271 1132 1344 apertissime
1153 1270 1400 1344 repugnantem:

270 1384 524 1443 consentaneum
552 1381 621 1439 eret
648 1379 746 1453 igitur
774 1380 806 1438 et
834 1394 918 1437 nuno
942 1379 1190 1453 repugnantiam
1215 1377 1282 1436 eius
1311 1368 1403 1450 enag-

270 1489 402 1564 gerari”.
446 1488 609 1563 Quantum
641 1487 714 1545 huie
747 1487 937 1559 argumento
969 1485 1175 1544 tribuendum
1207 1485 1259 1558 sit,
1291 1484 1404 1558 postea

270 1596 383 1654 videbo
405 1611 434 1668 p.
456 1597 503 1655 63.

270 1745 273 1750 .
310 1702 500 1777 Diligentiae
532 1716 632 1762 causa
664 1701 763 1760 etiam
795 1699 1080 1759 commemoranda
1112 1699 1220 1758 Grthii
1244 1698 1405 1757 sententia

271 1810 351 1870 Mus.
381 1809 481 1868 Rhen.
513 1807 582 1867 Vol.
605 1809 652 1867 22.
675 1823 704 1880 p.
726 1808 801 1880 640;
823 1808 887 1865 iste
908 1807 1057 1881 opinatur
1078 1822 1109 1865 v.
1132 1805 1292 1864 928-946
1313 1805 1406 1863 inter·

272 1917 408 1992 polatori
440 1915 553 1988 deberi,
587 1915 638 1973 eui
670 1929 786 1974 ansam
817 1915 962 1989 praebuit
984 1930 1014 1973 v.
1037 1915 1104 1988 940,
1128 1927 1224 1986 quem
1246 1912 1315 1971 loeo
1337 1926 1405 1985 sue,

273 2038 389 2095 nempe
420 2022 493 2096 post
523 2037 554 2080 r.
580 2023 647 2082 955.
674 2022 787 2080 movit.
819 2022 906 2095 „Wir
934 2022 1013 2080 sehn
1042 2021 1095 2078 der
1117 2020 1329 2094 interpolator
1349 2020 1406 2078 hat

276 2130 358 2190 auch
378 2129 446 2188 hier
467 2128 583 2188 wieder
599 2128 689 2186 einen
705 2127 791 2186 Witz
806 2128 943 2186 maohen
955 2127 1069 2187 wellen
1085 2128 1149 2186 und
1160 2142 1247 2186 zwar
1258 2127 1406 2200 dadurch,

276 2237 351 2295 dass
377 2250 410 2293 er
437 2251 468 2294 v.
495 2236 554 2293 940
579 2250 620 2292 an
638 2234 712 2307 jene
734 2234 831 2292 Stella
851 2234 984 2308 gertiokt
1005 2235 1071 2308 hat,
1094 2249 1145 2293 wo
1167 2249 1200 2292 er
1218 2234 1299 2307 jetnt
1320 2233 1408 2292 steht

277 2343 341 2401 und
373 2342 480 2402 wollin
512 2357 545 2399 er
576 2356 634 2414 gar
665 2341 753 2400 nieht
785 2342 906 2414 gehdrt.
940 2341 1061 2413 Largiri
1085 2340 1235 2414 damlieh,
1258 2355 1352 2398 wenn
1375 2355 1408 2397 es

277 2449 369 2512 Micio
400 2464 464 2510 von
498 2448 567 2507 sloh
598 2447 698 2507 selbst
724 2448 824 2521 sagte,
849 2453 935 2506 ware
956 2447 1009 2506 der
1030 2447 1199 2506 Ausdruok
1220 2447 1306 2505 eines
1328 2447 1410 2506 noch

278 2557 359 2614 dazu
401 2555 548 2618 niemlioh
590 2555 715 2614 ilaehen
746 2555 811 2613 und
842 2555 1040 2614 ndohternen
1072 2554 1224 2628 Humum,
1258 2554 1312 2612 der
1341 2554 1410 2612 ihm

277 2663 472 2736 wahrhaftig
504 2663 574 2721 dort
606 2662 674 2720 iern
705 2661 808 2735 liegen
841 2677 953 2734 muss;
985 2677 1049 2721 von
1081 2662 1154 2720 dern
1186 2661 1307 2735 agellus
1337 2662 1411 2720 aber

278 2769 401 2842 gesagt,
425 2771 516 2842 passt
540 2785 573 2827 es
597 2769 851 2842 ausgezeiehnet.
883 2768 1080 2828 Ausserdem
1103 2768 1261 2826 erseheint
1283 2783 1317 2826 es
1339 2769 1412 2826 sehr

279 2876 472 2935 zweiielhait
495 2877 534 2936 ob
558 2891 634 2934 man
656 2877 763 2949 largiri
787 2875 881 2934 alicui
904 2876 1043 2948 aliquem
1059 2875 1159 2933 selbst
1174 2875 1412 2948 metaphoriseh

279 2996 379 3055 sagen
400 2982 520 3055 konne3
542 2982 595 3044 ich
616 2983 756 3055 gestehe,
781 2983 855 3040 dass
878 2982 929 3041 ich
951 2997 985 3040 es
1007 2982 1096 3040 nieht
1117 2982 1262 3055 glaube.”
1304 2982 1413 3041 Hario·

279 3089 365 3148 latur
386 3089 531 3162 (inthius
555 3103 631 3147 eum
652 3089 761 3162 largiri
784 3089 931 3148 absolute
951 3089 1094 3162 positum
1117 3089 1159 3147 sit
1181 3104 1284 3162 neque
1304 3089 1414 3148 mente

281 3195 493 3268 supplendum
505 3196 667 3255 obiectum
680 3195 807 3268 aliquid.
819 3196 888 3255 Hoe
899 3198 966 3254 iam
978 3193 1136 3254 sufficeret
1148 3195 1187 3255 ad
1195 3197 1413 3255 coniecturam

283 3302 350 3365 eius
372 3301 627 3375 improbandam,
652 3318 734 3374 quae
756 3303 887 3362 omnino
909 3303 998 3360 stare
1018 3302 1131 3375 nequit
1149 3303 1279 3376 propter
1297 3302 1415 3362 Donati

281 3408 450 3469 scholium.
