3368 5046
817 525 854 582 si

271 710 433 770 Perinthia
463 710 576 770 eadem
609 711 704 785 esset,
737 725 820 784 quae
848 710 977 784 Andria,
1007 712 1104 772 aucta
1124 712 1256 772 tantum
1278 712 1405 774 Charini

270 818 464 890 Byrriaeque
484 817 639 892 partibus
672 816 885 876 manifestum
906 818 956 876 est
977 819 1037 877 has
1059 819 1227 880 molestias
1249 819 1405 882 exsistere

270 939 334 984 non
360 924 513 998 potuisse.
555 925 772 984 Tutissimum
796 924 893 998 igitur
915 925 994 984 mihi
1014 925 1123 987 visum
1146 926 1195 984 est
1216 926 1249 986 in
1270 927 1404 1000 singulis

271 1031 374 1089 scenis
409 1031 569 1104 indagare,
608 1032 719 1090 utrum
756 1031 895 1091 haustae
929 1033 1037 1090 essent
1070 1047 1110 1090 ex
1140 1033 1261 1094 Andria
1292 1049 1333 1094 an
1364 1049 1405 1093 ox

271 1137 441 1198 Perinthia.
482 1137 562 1196 Vide
583 1138 683 1196 ctiam
705 1153 731 1199 c.
753 1140 782 1198 4.

309 1244 359 1302 Ad
386 1245 586 1318 propositum
606 1245 674 1303 iam
693 1245 833 1304 transeo.
875 1245 1022 1304 Primum
1043 1243 1200 1306 Charinus
1221 1246 1397 1320 Byrriaque

271 1351 425 1424 prodeunt
447 1351 478 1410 ΙΙ
500 1353 515 1410 1
540 1351 726 1416 (secundum
748 1351 989 1411 Fleckeisenum
1010 1353 1067 1412 ΙΙΙ.
1091 1357 1127 1422 1.)
1159 1368 1192 1413 V.
1213 1353 1300 1426 3013.
1322 1368 1405 1426 quae

272 1473 368 1517 scena
399 1458 468 1516 sine
499 1458 593 1518 dubio
626 1473 643 1516 e
675 1458 837 1517 Perinthia
863 1459 966 1533 ssuxit,
989 1473 1064 1518 oum
1086 1460 1155 1518 sine
1175 1460 1320 1534 partibus
1340 1461 1403 1520 illis

271 1563 359 1621 nulla
379 1563 432 1622 sit.
454 1564 617 1622 Incertum
638 1579 713 1623 vero
735 1563 815 1623 mihi
837 1565 972 1639 videtur,
996 1580 1037 1623 an
1058 1565 1091 1623 in
1112 1565 1274 1626 Menandri
1284 1566 1404 1626 Andria

271 1669 302 1729 h.
323 1669 344 1729 l.
366 1669 461 1728 fuerit
483 1670 641 1744 Pamphili
662 1670 876 1745 soliloquium,
894 1670 1105 1730 infortunium
1119 1686 1216 1731 suum
1232 1674 1402 1748 querentis,

272 1791 355 1848 quae
384 1777 589 1836 Dziatzkonis
621 1777 782 1836 sententia
814 1779 872 1852 est,
906 1777 940 1837 cf
963 1794 993 1852 p.
1016 1779 1083 1854 244,
1106 1780 1174 1838 253.
1216 1780 1301 1839 Nam
1322 1780 1403 1839 satis

271 1882 339 1940 iam
360 1883 494 1955 questus
516 1884 566 1942 est
588 1884 602 1942 l
624 1885 652 1943 5.
672 1885 783 1943 6-32.

312 1990 426 2063 Incipit
457 2006 542 2050 nova
573 2005 670 2049 scena
702 2007 721 2049 1
752 2006 782 2051 n.
815 1993 883 2062 338,
913 1992 1002 2051 Davo
1033 1991 1251 2052 aChremetis
1273 1993 1404 2052 aedibus

272 2096 432 2171 redeunte,
454 2098 491 2156 ut
513 2097 717 2170 Pamphilum
739 2099 827 2158 omni
848 2099 938 2157 metu
960 2099 998 2157 de
1019 2099 1140 2172 nuptiis
1153 2099 1281 2172 liberet3
1296 2100 1329 2158 in
1343 2100 1403 2158 hac

273 2203 496 2276 colloquuntur
535 2205 602 2262 tres
643 2219 806 2278 personae,
849 2206 1023 2278 postquam
1064 2206 1176 2278 Byrria
1219 2222 1238 2265 a
1276 2206 1404 2266 domino

274 2309 426 2370 dimissus
449 2311 498 2369 est
520 2312 560 2371 II.
583 2312 609 2370 1.
634 2313 682 2372 36.
705 2308 725 2383 1)

313 2418 385 2477 lam
412 2419 511 2478 oritur
533 2419 688 2493 quaestio,
721 2420 832 2478 utrum
854 2420 925 2478 112
956 2420 1028 2479 tota
1051 2434 1068 2477 e
1093 2419 1254 2478 Perinthia
1275 2419 1404 2477 fluxerit

188 2593 191 2600 Ι
275 2539 315 2582 an
347 2540 384 2583 11
415 2526 555 2600 tantum,
585 2541 668 2598 quac
694 2526 940 2600 interponuntur
963 2542 981 2584 a
1005 2525 1150 2586 Charino.
1194 2525 1325 2599 Causae,
1349 2541 1404 2584 cur

274 2631 412 2690 Andriae
441 2633 575 2707 tribuas
608 2633 690 2692 duae
715 2633 874 2706 imprimis
896 2634 983 2692 sunt.
1024 2633 1152 2692 Etenim
1172 2633 1229 2692 vix
1250 2632 1300 2690 est
1321 2632 1405 2705 quod

275 2737 389 2813 dicam,
422 2754 554 2798 scenam
585 2741 668 2799 hanc
702 2741 758 2799 aut
790 2739 991 2799 simillimam
1022 2740 1109 2798 certe
1129 2755 1192 2800 non
1214 2738 1352 2813 defuisse
1372 2739 1405 2798 in

275 2844 436 2904 Menandri
456 2846 585 2936 Andria.
616 2847 672 2921 Ea,
694 2862 778 2920 quae
798 2848 937 2920 aguntur
958 2847 989 2906 Π
1005 2849 1032 2921 2,
1059 2847 1222 2905 artissime
1235 2847 1406 2906 coniuncta

276 2952 351 3009 sunt
373 2967 448 3010 cum
469 2953 500 3011 Π
521 2955 549 3027 4,
572 2968 671 3027 qnam
693 2955 732 3013 ob
755 2952 974 3027 fragmentum
996 2969 1015 3012 a
1035 2954 1161 3014 Donato
1184 2954 1224 3013 ad
1245 2955 1306 3014 ui
1328 2953 1404 3025 (405)

274 3057 452 3133 laudatum,
476 3074 516 3117 ex
538 3061 657 3118 Andria
677 3075 721 3134 gr.
743 3061 898 3120 haustam
917 3073 988 3120 esse
1003 3063 1141 3123 constat.
1162 3063 1242 3121 Vide
1252 3061 1405 3121 Dziatzko

275 3180 305 3238 p.
337 3167 404 3226 244.
447 3167 625 3241 Praeterea,
668 3183 751 3241 quae
782 3168 937 3228 Charinus
969 3168 1119 3243 loquitur,
1148 3169 1178 3228 ΙΙ
1208 3171 1334 3244 2.3,5,
1358 3169 1404 3242 10,

277 3271 324 3346 13,
353 3273 400 3339 26.
430 3273 526 3332 exilia
553 3288 633 3333 sane
653 3275 730 3333 sunt
752 3274 850 3348 atque
870 3275 918 3333 111
939 3276 1135 3349 comparata,
1158 3277 1195 3335 ut
1217 3276 1317 3335 etiam
1337 3275 1407 3339 sine

275 3379 315 3437 iis
346 3394 443 3439 scena
475 3379 567 3439 facile
595 3382 683 3440 stare
710 3382 827 3454 posset.
870 3383 979 3455 Neque
1006 3398 1072 3443 vss,
1094 3384 1213 3442 {iio—4
1234 3383 1406 3456 quicquam

277 3486 449 3561 continent,
492 3487 576 3560 quod
617 3488 759 3547 multum
801 3489 899 3548 faciat
931 3490 970 3549 ad
996 3490 1135 3549 Andriae
1169 3489 1406 3562 argumentum.

278 3593 395 3652 Contra
435 3595 576 3654 rationes
616 3611 731 3668 graves
772 3611 835 3656 non
877 3594 1034 3671 deficiunt,
1073 3613 1155 3671 quae
1188 3597 1333 3671 suadent,
1369 3597 1406 3656 ut

278 3700 458 3760 Perinthiae
479 3701 510 3760 11
533 3702 560 3762 1.
581 3702 774 3763 tribuamus,
805 3703 890 3762 Nam
912 3719 929 3762 1
950 3705 1130 3763 Perinthiae
1151 3703 1331 3777 fragmento
1351 3703 1405 3778 VI,
1427 3733 1428 3738 .

278 3806 318 3865 ad
346 3807 377 3865 Π
406 3809 433 3868 2.
462 3810 500 3867 32
528 3809 707 3883 pertinenti,
744 3811 900 3869 evincitur
920 3811 964 3870 ibi
985 3826 1111 3885 quoque
1131 3811 1217 3870 senis
1239 3810 1407 3871 cuiusdam

306 3972 332 4039 r)
368 3975 508 4030 Dziatzlro
539 3991 567 4045 p.
598 3978 650 4032 245
680 3978 740 4032 not.
772 3979 796 4033 1.
827 3979 942 4034 notavit
972 3993 1091 4034 causam
1121 3993 1186 4034 esse
1215 3978 1325 4034 nullam
1359 3993 1411 4033 cur

275 4063 452 4120 dimittatur:
479 4066 699 4135 ,vermuthlioh
724 4081 761 4123 ne
780 4069 884 4135 quarta
901 4067 979 4135 loqui
996 4082 1120 4136 persona
1138 4068 1256 4123 laboret.
1290 4067 1330 4122 Es
1347 4081 1410 4122 war

274 4152 322 4207 fiir
346 4151 455 4208 Terenz
476 4153 592 4210 schwer
608 4169 715 4224 genug,
733 4157 764 4210 in
782 4156 869 4210 1112.
888 4157 944 4212 den
962 4155 1104 4212 Charinus
1122 4158 1217 4212 neben
1235 4157 1290 4210 den
1308 4156 1411 4210 beiden

275 4240 520 4310 Hauptpersonen
545 4244 575 4298 in
599 4245 767 4312 geeigneter
784 4244 884 4301 Weise
901 4260 939 4300 zu
956 4244 1059 4301 Worte
1076 4246 1215 4301 kommen
1233 4260 1270 4300 zu
1288 4245 1410 4300 lassent
