<?xml version="1.0" encoding="UTF-8"?>
<!DOCTYPE html PUBLIC "-//W3C//DTD XHTML 1.0 Transitional//EN"
    "http://www.w3.org/TR/xhtml1/DTD/xhtml1-transitional.dtd">
<html xmlns="http://www.w3.org/1999/xhtml" xml:lang="en" lang="en">
 <head>
  <title>
</title>
<meta http-equiv="Content-Type" content="text/html;charset=utf-8" />
  <meta name='ocr-system' content='tesseract 3.04.00' />
  <meta name='ocr-capabilities' content='ocr_page ocr_carea ocr_par ocr_line ocrx_word'/>
</head>
<body>
  <div class='ocr_page' id='page_1' title='image "./questionesteren00sipkgoog_0033.png"; bbox 0 0 3386 5046; ppageno 0'>
   <div class='ocr_carea' id='block_1_1' title="bbox 858 535 896 592">
    <p class='ocr_par' dir='ltr' id='par_1_1' title="bbox 858 535 896 592">
     <span class='ocr_line' id='line_1_1' title="bbox 858 535 896 592; baseline 0 0"><span class='ocrx_word' id='word_1_1' title='bbox 858 535 896 592; x_wconf 89' lang='grc'>16</span> 
     </span>
    </p>
   </div>
   <div class='ocr_carea' id='block_1_2' title="bbox 270 719 1439 3894">
    <p class='ocr_par' dir='ltr' id='par_1_2' title="bbox 309 719 1439 903">
     <span class='ocr_line' id='line_1_2' title="bbox 312 719 1439 795; baseline 0.004 -17"><span class='ocrx_word' id='word_1_2' title='bbox 312 719 468 795; x_wconf 81' lang='lat' dir='ltr'>„puellam</span> <span class='ocrx_word' id='word_1_3' title='bbox 509 721 646 779; x_wconf 89' lang='lat' dir='ltr'>vendere</span> <span class='ocrx_word' id='word_1_4' title='bbox 684 721 817 794; x_wconf 81' lang='lat' dir='ltr'>cogatur</span> <span class='ocrx_word' id='word_1_5' title='bbox 856 721 895 780; x_wconf 90' lang='lat' dir='ltr'>ab</span> <span class='ocrx_word' id='word_1_6' title='bbox 928 721 1096 794; x_wconf 83' lang='lat' dir='ltr'><strong>Aeschino,</strong></span> <span class='ocrx_word' id='word_1_7' title='bbox 1130 738 1228 795; x_wconf 89' lang='lat' dir='ltr'>quam</span> <span class='ocrx_word' id='word_1_8' title='bbox 1259 723 1326 782; x_wconf 89' lang='lat' dir='ltr'>iam</span> <span class='ocrx_word' id='word_1_9' title='bbox 1357 725 1439 784; x_wconf 91' lang='lat' dir='ltr'>sciat</span> 
     </span>
     <span class='ocr_line' id='line_1_3' title="bbox 309 826 1259 903; baseline 0.005 -18"><span class='ocrx_word' id='word_1_10' title='bbox 309 827 461 903; x_wconf 81' lang='lat' dir='ltr'>„liberam</span> <span class='ocrx_word' id='word_1_11' title='bbox 484 841 555 885; x_wconf 87' lang='lat' dir='ltr'>esse</span> <span class='ocrx_word' id='word_1_12' title='bbox 576 828 615 886; x_wconf 96' lang='lat' dir='ltr'>ob</span> <span class='ocrx_word' id='word_1_13' title='bbox 638 842 775 900; x_wconf 89' lang='lat' dir='ltr'>eamque</span> <span class='ocrx_word' id='word_1_14' title='bbox 796 842 864 885; x_wconf 92' lang='lat' dir='ltr'>rem</span> <span class='ocrx_word' id='word_1_15' title='bbox 886 828 995 886; x_wconf 89' lang='lat' dir='ltr'>venire</span> <span class='ocrx_word' id='word_1_16' title='bbox 1015 843 1079 888; x_wconf 93' lang='lat' dir='ltr'>non</span> <span class='ocrx_word' id='word_1_17' title='bbox 1101 829 1215 902; x_wconf 87' lang='lat' dir='ltr'>posse&#39;’</span> <span class='ocrx_word' id='word_1_18' title='bbox 1228 826 1259 900; x_wconf 87' lang='lat'>¹).</span> 
     </span>
    </p>

    <p class='ocr_par' dir='ltr' id='par_1_3' title="bbox 306 933 1438 1329">
     <span class='ocr_line' id='line_1_4' title="bbox 348 933 1437 1012; baseline 0.004 -19"><span class='ocrx_word' id='word_1_19' title='bbox 348 934 429 994; x_wconf 84' lang='lat' dir='ltr'>Cum</span> <span class='ocrx_word' id='word_1_20' title='bbox 461 935 539 993; x_wconf 89' lang='lat' dir='ltr'>haec</span> <span class='ocrx_word' id='word_1_21' title='bbox 570 933 825 1008; x_wconf 81' lang='lat' dir='ltr'>interpolationis</span> <span class='ocrx_word' id='word_1_22' title='bbox 857 933 974 994; x_wconf 90' lang='lat' dir='ltr'>indicia</span> <span class='ocrx_word' id='word_1_23' title='bbox 1006 950 1025 994; x_wconf 91' lang='lat' dir='ltr'>a</span> <span class='ocrx_word' id='word_1_24' title='bbox 1057 935 1136 993; x_wconf 89' lang='lat' dir='ltr'>viris</span> <span class='ocrx_word' id='word_1_25' title='bbox 1169 935 1271 995; x_wconf 90' lang='lat' dir='ltr'>doctis</span> <span class='ocrx_word' id='word_1_26' title='bbox 1304 937 1437 1012; x_wconf 88' lang='lat' dir='ltr'>prolata,</span> 
     </span>
     <span class='ocr_line' id='line_1_5' title="bbox 307 1040 1438 1118; baseline 0.006 -21"><span class='ocrx_word' id='word_1_27' title='bbox 307 1040 484 1100; x_wconf 88' lang='lat' dir='ltr'>recusanda</span> <span class='ocrx_word' id='word_1_28' title='bbox 505 1041 683 1114; x_wconf 82' lang='lat' dir='ltr'>videantur,</span> <span class='ocrx_word' id='word_1_29' title='bbox 705 1041 835 1114; x_wconf 88' lang='lat' dir='ltr'>gravius</span> <span class='ocrx_word' id='word_1_30' title='bbox 858 1042 916 1114; x_wconf 85' lang='lat' dir='ltr'>est,</span> <span class='ocrx_word' id='word_1_31' title='bbox 940 1042 1023 1114; x_wconf 87' lang='lat' dir='ltr'>quod</span> <span class='ocrx_word' id='word_1_32' title='bbox 1043 1042 1076 1100; x_wconf 91' lang='lat' dir='ltr'>in</span> <span class='ocrx_word' id='word_1_33' title='bbox 1099 1043 1174 1100; x_wconf 91' lang='lat' dir='ltr'>actu</span> <span class='ocrx_word' id='word_1_34' title='bbox 1196 1043 1235 1116; x_wconf 89' lang='grc' dir='ltr'>ΙΙ,</span> <span class='ocrx_word' id='word_1_35' title='bbox 1251 1047 1438 1118; x_wconf 89' lang='lat' dir='ltr'>comparato</span> 
     </span>
     <span class='ocr_line' id='line_1_6' title="bbox 307 1147 1437 1224; baseline 0.003 -18"><span class='ocrx_word' id='word_1_36' title='bbox 307 1161 382 1206; x_wconf 91' lang='lat' dir='ltr'>cum</span> <span class='ocrx_word' id='word_1_37' title='bbox 417 1150 492 1206; x_wconf 90' lang='lat' dir='ltr'>actu</span> <span class='ocrx_word' id='word_1_38' title='bbox 527 1148 542 1206; x_wconf 90' lang='grc' dir='ltr'>Ι</span> <span class='ocrx_word' id='word_1_39' title='bbox 574 1148 727 1222; x_wconf 89' lang='lat' dir='ltr'>temporis</span> <span class='ocrx_word' id='word_1_40' title='bbox 760 1148 842 1207; x_wconf 90' lang='lat' dir='ltr'>ratio</span> <span class='ocrx_word' id='word_1_41' title='bbox 874 1147 1042 1222; x_wconf 86' lang='lat' dir='ltr'>claudicat,</span> <span class='ocrx_word' id='word_1_42' title='bbox 1075 1165 1139 1221; x_wconf 87' lang='lat' dir='ltr'>qua</span> <span class='ocrx_word' id='word_1_43' title='bbox 1171 1150 1210 1208; x_wconf 91' lang='lat' dir='ltr'>de</span> <span class='ocrx_word' id='word_1_44' title='bbox 1240 1165 1274 1208; x_wconf 88' lang='lat' dir='ltr'>re</span> <span class='ocrx_word' id='word_1_45' title='bbox 1306 1153 1437 1224; x_wconf 89' lang='lat' dir='ltr'>egerunt</span> 
     </span>
     <span class='ocr_line' id='line_1_7' title="bbox 306 1253 971 1329; baseline 0 -15"><span class='ocrx_word' id='word_1_46' title='bbox 306 1253 453 1314; x_wconf 75' lang='lat' dir='ltr'>Deiotalco</span> <span class='ocrx_word' id='word_1_47' title='bbox 474 1254 575 1314; x_wconf 83' lang='lat' dir='ltr'>Praei.</span> <span class='ocrx_word' id='word_1_48' title='bbox 598 1255 629 1312; x_wconf 92' lang='lat' dir='ltr'>et</span> <span class='ocrx_word' id='word_1_49' title='bbox 652 1255 769 1314; x_wconf 77' lang='lat' dir='ltr'>Kloeeo</span> <span class='ocrx_word' id='word_1_50' title='bbox 791 1271 821 1329; x_wconf 93' lang='lat' dir='ltr'>p.</span> <span class='ocrx_word' id='word_1_51' title='bbox 844 1256 971 1315; x_wconf 87' lang='lat'>10—11.</span> 
     </span>
    </p>

    <p class='ocr_par' dir='ltr' id='par_1_4' title="bbox 403 1361 1325 2076">
     <span class='ocr_line' id='line_1_8' title="bbox 445 1361 1322 1434; baseline 0.003 -14"><span class='ocrx_word' id='word_1_52' title='bbox 445 1362 566 1420; x_wconf 82' lang='lat' dir='ltr'>Demea</span> <span class='ocrx_word' id='word_1_53' title='bbox 587 1362 767 1434; x_wconf 90' lang='lat' dir='ltr'>raptionem</span> <span class='ocrx_word' id='word_1_54' title='bbox 789 1361 880 1420; x_wconf 85' lang='lat' dir='ltr'>fratri</span> <span class='ocrx_word' id='word_1_55' title='bbox 902 1363 948 1420; x_wconf 93' lang='lat' dir='ltr'>sic</span> <span class='ocrx_word' id='word_1_56' title='bbox 970 1364 1097 1421; x_wconf 91' lang='lat' dir='ltr'>enarrat</span> <span class='ocrx_word' id='word_1_57' title='bbox 1119 1364 1134 1420; x_wconf 92' lang='grc' dir='ltr'>Ι</span> <span class='ocrx_word' id='word_1_58' title='bbox 1156 1365 1183 1422; x_wconf 78' lang='lat'>2.</span> <span class='ocrx_word' id='word_1_59' title='bbox 1205 1365 1322 1424; x_wconf 80' lang='lat'>8-13:</span> 
     </span>
     <span class='ocr_line' id='line_1_9' title="bbox 406 1467 1057 1542; baseline 0 -16"><span class='ocrx_word' id='word_1_60' title='bbox 406 1469 502 1528; x_wconf 84' lang='lat' dir='ltr'>Fores</span> <span class='ocrx_word' id='word_1_61' title='bbox 524 1467 647 1542; x_wconf 86' lang='lat' dir='ltr'>effregit</span> <span class='ocrx_word' id='word_1_62' title='bbox 670 1470 767 1541; x_wconf 89' lang='lat' dir='ltr'>atque</span> <span class='ocrx_word' id='word_1_63' title='bbox 787 1469 820 1526; x_wconf 93' lang='lat' dir='ltr'>in</span> <span class='ocrx_word' id='word_1_64' title='bbox 842 1469 937 1527; x_wconf 88' lang='lat' dir='ltr'>aedes</span> <span class='ocrx_word' id='word_1_65' title='bbox 959 1469 1057 1528; x_wconf 89' lang='lat' dir='ltr'>inruit</span> 
     </span>
     <span class='ocr_line' id='line_1_10' title="bbox 405 1575 1325 1648; baseline 0.001 -14"><span class='ocrx_word' id='word_1_66' title='bbox 405 1575 552 1636; x_wconf 78' lang='lat' dir='ltr'>Alienae:</span> <span class='ocrx_word' id='word_1_67' title='bbox 574 1576 681 1648; x_wconf 91' lang='lat' dir='ltr'>ipsum</span> <span class='ocrx_word' id='word_1_68' title='bbox 706 1576 873 1634; x_wconf 91' lang='lat' dir='ltr'>dominum</span> <span class='ocrx_word' id='word_1_69' title='bbox 896 1577 993 1648; x_wconf 84' lang='lat' dir='ltr'>atque</span> <span class='ocrx_word' id='word_1_70' title='bbox 1013 1591 1143 1635; x_wconf 91' lang='lat' dir='ltr'>omnem</span> <span class='ocrx_word' id='word_1_71' title='bbox 1167 1577 1325 1635; x_wconf 84' lang='lat' dir='ltr'>familiam</span> 
     </span>
     <span class='ocr_line' id='line_1_11' title="bbox 404 1683 1243 1757; baseline 0 -16"><span class='ocrx_word' id='word_1_72' title='bbox 404 1683 557 1742; x_wconf 85' lang='lat' dir='ltr'>Mulcavit</span> <span class='ocrx_word' id='word_1_73' title='bbox 578 1683 740 1755; x_wconf 82' lang='lat' dir='ltr'>usquead</span> <span class='ocrx_word' id='word_1_74' title='bbox 761 1684 917 1742; x_wconf 89' lang='lat' dir='ltr'>mortem:</span> <span class='ocrx_word' id='word_1_75' title='bbox 940 1683 1054 1757; x_wconf 90' lang='lat' dir='ltr'>eripuit</span> <span class='ocrx_word' id='word_1_76' title='bbox 1074 1683 1243 1742; x_wconf 90' lang='lat' dir='ltr'>mulierem</span> 
     </span>
     <span class='ocr_line' id='line_1_12' title="bbox 405 1789 1257 1864; baseline 0.002 -18"><span class='ocrx_word' id='word_1_77' title='bbox 405 1789 509 1864; x_wconf 74' lang='lat' dir='ltr'>Quam</span> <span class='ocrx_word' id='word_1_78' title='bbox 532 1789 673 1848; x_wconf 89' lang='lat' dir='ltr'>amabat.</span> <span class='ocrx_word' id='word_1_79' title='bbox 718 1789 867 1848; x_wconf 82' lang='lat' dir='ltr'>Clamant</span> <span class='ocrx_word' id='word_1_80' title='bbox 889 1803 1002 1848; x_wconf 89' lang='lat' dir='ltr'>omnes</span> <span class='ocrx_word' id='word_1_81' title='bbox 1023 1789 1257 1863; x_wconf 87' lang='lat' dir='ltr'>indignissume</span> 
     </span>
     <span class='ocr_line' id='line_1_13' title="bbox 405 1896 1294 1970; baseline 0.002 -17"><span class='ocrx_word' id='word_1_82' title='bbox 405 1896 541 1954; x_wconf 86' lang='lat' dir='ltr'>Factum</span> <span class='ocrx_word' id='word_1_83' title='bbox 564 1910 643 1955; x_wconf 90' lang='lat' dir='ltr'>esse.</span> <span class='ocrx_word' id='word_1_84' title='bbox 686 1896 755 1954; x_wconf 92' lang='lat' dir='ltr'>Hoc</span> <span class='ocrx_word' id='word_1_85' title='bbox 778 1896 960 1954; x_wconf 88' lang='lat' dir='ltr'>advenienti</span> <span class='ocrx_word' id='word_1_86' title='bbox 983 1897 1060 1969; x_wconf 90' lang='lat' dir='ltr'>quot</span> <span class='ocrx_word' id='word_1_87' title='bbox 1083 1896 1170 1970; x_wconf 89' lang='lat' dir='ltr'>mihi,</span> <span class='ocrx_word' id='word_1_88' title='bbox 1193 1897 1294 1970; x_wconf 86' lang='lat' dir='ltr'>Micio,</span> 
     </span>
     <span class='ocr_line' id='line_1_14' title="bbox 403 2002 1024 2076; baseline 0.003 -16"><span class='ocrx_word' id='word_1_89' title='bbox 403 2002 534 2075; x_wconf 81' lang='lat' dir='ltr'>Dixere3</span> <span class='ocrx_word' id='word_1_90' title='bbox 556 2003 588 2059; x_wconf 90' lang='lat' dir='ltr'>in</span> <span class='ocrx_word' id='word_1_91' title='bbox 610 2004 696 2061; x_wconf 91' lang='lat' dir='ltr'>orest</span> <span class='ocrx_word' id='word_1_92' title='bbox 719 2005 768 2061; x_wconf 91' lang='lat' dir='ltr'>est</span> <span class='ocrx_word' id='word_1_93' title='bbox 790 2003 879 2062; x_wconf 90' lang='lat' dir='ltr'>omni</span> <span class='ocrx_word' id='word_1_94' title='bbox 900 2002 1024 2076; x_wconf 91' lang='lat' dir='ltr'>populo.</span> 
     </span>
    </p>

    <p class='ocr_par' dir='ltr' id='par_1_5' title="bbox 301 2109 1434 2717">
     <span class='ocr_line' id='line_1_15' title="bbox 345 2109 1434 2182; baseline 0.003 -16"><span class='ocrx_word' id='word_1_95' title='bbox 345 2109 442 2181; x_wconf 70' lang='lat' dir='ltr'>Atqui</span> <span class='ocrx_word' id='word_1_96' title='bbox 462 2109 554 2168; x_wconf 92' lang='lat' dir='ltr'>initio</span> <span class='ocrx_word' id='word_1_97' title='bbox 577 2110 669 2168; x_wconf 89' lang='lat' dir='ltr'>actus</span> <span class='ocrx_word' id='word_1_98' title='bbox 691 2110 855 2182; x_wconf 88' lang='lat' dir='ltr'>sequentis</span> <span class='ocrx_word' id='word_1_99' title='bbox 875 2110 1073 2169; x_wconf 85' lang='lat' dir='ltr'>Aeschinum</span> <span class='ocrx_word' id='word_1_100' title='bbox 1087 2110 1234 2168; x_wconf 90' lang='lat' dir='ltr'>videmus</span> <span class='ocrx_word' id='word_1_101' title='bbox 1249 2110 1434 2169; x_wconf 88' lang='lat' dir='ltr'>etiamnunc</span> 
     </span>
     <span class='ocr_line' id='line_1_16' title="bbox 304 2215 1434 2289; baseline 0.004 -17"><span class='ocrx_word' id='word_1_102' title='bbox 304 2228 379 2273; x_wconf 88' lang='lat' dir='ltr'>cum</span> <span class='ocrx_word' id='word_1_103' title='bbox 392 2216 551 2276; x_wconf 83' lang='lat' dir='ltr'>Sannione</span> <span class='ocrx_word' id='word_1_104' title='bbox 566 2216 604 2274; x_wconf 90' lang='lat' dir='ltr'>de</span> <span class='ocrx_word' id='word_1_105' title='bbox 617 2215 751 2289; x_wconf 84' lang='lat' dir='ltr'>psaltria</span> <span class='ocrx_word' id='word_1_106' title='bbox 765 2218 944 2276; x_wconf 87' lang='lat' dir='ltr'>certantem</span> <span class='ocrx_word' id='word_1_107' title='bbox 960 2219 991 2275; x_wconf 92' lang='lat' dir='ltr'>et</span> <span class='ocrx_word' id='word_1_108' title='bbox 1004 2231 1063 2289; x_wconf 91' lang='lat' dir='ltr'>ope</span> <span class='ocrx_word' id='word_1_109' title='bbox 1077 2218 1285 2276; x_wconf 90' lang='lat' dir='ltr'>Parmenonis</span> <span class='ocrx_word' id='word_1_110' title='bbox 1301 2218 1434 2277; x_wconf 90' lang='lat' dir='ltr'>domum</span> 
     </span>
     <span class='ocr_line' id='line_1_17' title="bbox 304 2323 1433 2398; baseline 0.002 -18"><span class='ocrx_word' id='word_1_111' title='bbox 304 2323 496 2396; x_wconf 89' lang='lat' dir='ltr'>abigentem.</span> <span class='ocrx_word' id='word_1_112' title='bbox 539 2324 771 2398; x_wconf 80' lang='lat' dir='ltr'>Quaesiverunt</span> <span class='ocrx_word' id='word_1_113' title='bbox 799 2324 897 2397; x_wconf 88' lang='lat' dir='ltr'>igitur</span> <span class='ocrx_word' id='word_1_114' title='bbox 923 2324 983 2381; x_wconf 85' lang='lat' dir='ltr'>viri</span> <span class='ocrx_word' id='word_1_115' title='bbox 1012 2323 1106 2397; x_wconf 89' lang='lat' dir='ltr'>docti,</span> <span class='ocrx_word' id='word_1_116' title='bbox 1133 2323 1291 2395; x_wconf 88' lang='lat' dir='ltr'>quomodo</span> <span class='ocrx_word' id='word_1_117' title='bbox 1313 2323 1433 2382; x_wconf 90' lang='lat' dir='ltr'>Demea</span> 
     </span>
     <span class='ocr_line' id='line_1_18' title="bbox 302 2429 1432 2503; baseline 0.002 -17"><span class='ocrx_word' id='word_1_118' title='bbox 302 2429 369 2487; x_wconf 91' lang='lat' dir='ltr'>iam</span> <span class='ocrx_word' id='word_1_119' title='bbox 398 2430 559 2488; x_wconf 89' lang='lat' dir='ltr'>audivisse</span> <span class='ocrx_word' id='word_1_120' title='bbox 586 2431 734 2503; x_wconf 88' lang='lat' dir='ltr'>potuerit,</span> <span class='ocrx_word' id='word_1_121' title='bbox 765 2445 847 2503; x_wconf 90' lang='lat' dir='ltr'>quae</span> <span class='ocrx_word' id='word_1_122' title='bbox 871 2430 966 2490; x_wconf 93' lang='lat' dir='ltr'>modo</span> <span class='ocrx_word' id='word_1_123' title='bbox 995 2430 1081 2488; x_wconf 83' lang='lat' dir='ltr'>facta</span> <span class='ocrx_word' id='word_1_124' title='bbox 1110 2432 1218 2489; x_wconf 90' lang='lat' dir='ltr'>essent</span> <span class='ocrx_word' id='word_1_125' title='bbox 1242 2432 1273 2489; x_wconf 90' lang='lat' dir='ltr'>et</span> <span class='ocrx_word' id='word_1_126' title='bbox 1296 2446 1432 2503; x_wconf 87' lang='lat' dir='ltr'>quorum</span> 
     </span>
     <span class='ocr_line' id='line_1_19' title="bbox 302 2537 1431 2611; baseline 0.004 -18"><span class='ocrx_word' id='word_1_127' title='bbox 302 2547 376 2609; x_wconf 87' lang='lat' dir='ltr'>pars</span> <span class='ocrx_word' id='word_1_128' title='bbox 395 2552 473 2596; x_wconf 86' lang='lat' dir='ltr'>mox</span> <span class='ocrx_word' id='word_1_129' title='bbox 495 2551 603 2596; x_wconf 91' lang='lat' dir='ltr'>coram</span> <span class='ocrx_word' id='word_1_130' title='bbox 626 2538 860 2611; x_wconf 88' lang='lat' dir='ltr'>spectatoribus</span> <span class='ocrx_word' id='word_1_131' title='bbox 883 2538 1037 2610; x_wconf 81' lang='lat' dir='ltr'>ageretur.</span> <span class='ocrx_word' id='word_1_132' title='bbox 1060 2538 1108 2596; x_wconf 81' lang='lat' dir='ltr'>Ex</span> <span class='ocrx_word' id='word_1_133' title='bbox 1124 2537 1244 2598; x_wconf 89' lang='lat' dir='ltr'>scholio</span> <span class='ocrx_word' id='word_1_134' title='bbox 1260 2539 1299 2596; x_wconf 92' lang='lat' dir='ltr'>ad</span> <span class='ocrx_word' id='word_1_135' title='bbox 1314 2539 1344 2596; x_wconf 87' lang='lat' dir='ltr'>Il</span> <span class='ocrx_word' id='word_1_136' title='bbox 1361 2540 1388 2598; x_wconf 88' lang='lat'>1.</span> <span class='ocrx_word' id='word_1_137' title='bbox 1404 2541 1431 2597; x_wconf 84' lang='lat' dir='ltr'>b.</span> 
     </span>
     <span class='ocr_line' id='line_1_20' title="bbox 301 2643 1201 2717; baseline 0.003 -16"><span class='ocrx_word' id='word_1_138' title='bbox 301 2644 448 2702; x_wconf 88' lang='lat' dir='ltr'>videmus</span> <span class='ocrx_word' id='word_1_139' title='bbox 470 2643 631 2703; x_wconf 80' lang='lat' dir='ltr'>Donatum</span> <span class='ocrx_word' id='word_1_140' title='bbox 653 2659 778 2717; x_wconf 89' lang='lat' dir='ltr'>quoque</span> <span class='ocrx_word' id='word_1_141' title='bbox 798 2645 831 2702; x_wconf 91' lang='lat' dir='ltr'>in</span> <span class='ocrx_word' id='word_1_142' title='bbox 853 2644 965 2702; x_wconf 89' lang='lat' dir='ltr'>eadem</span> <span class='ocrx_word' id='word_1_143' title='bbox 987 2659 1020 2702; x_wconf 90' lang='lat' dir='ltr'>re</span> <span class='ocrx_word' id='word_1_144' title='bbox 1040 2645 1201 2705; x_wconf 91' lang='lat' dir='ltr'>haesisse:</span> 
     </span>
    </p>

    <p class='ocr_par' dir='ltr' id='par_1_6' title="bbox 356 2751 1390 2826">
     <span class='ocr_line' id='line_1_21' title="bbox 356 2751 1390 2826; baseline 0.002 -18"><span class='ocrx_word' id='word_1_145' title='bbox 356 2752 611 2825; x_wconf 76' lang='lat' dir='ltr'>„Quamquamst</span> <span class='ocrx_word' id='word_1_146' title='bbox 633 2751 798 2826; x_wconf 83' lang='lat' dir='ltr'>scelestus,</span> <span class='ocrx_word' id='word_1_147' title='bbox 820 2767 883 2810; x_wconf 92' lang='lat' dir='ltr'>non</span> <span class='ocrx_word' id='word_1_148' title='bbox 906 2751 1090 2810; x_wconf 91' lang='lat' dir='ltr'>committet</span> <span class='ocrx_word' id='word_1_149' title='bbox 1111 2751 1204 2810; x_wconf 90' lang='lat' dir='ltr'>hodie</span> <span class='ocrx_word' id='word_1_150' title='bbox 1224 2767 1390 2825; x_wconf 89' lang='lat' dir='ltr'>umquam,</span> 
     </span>
    </p>

    <p class='ocr_par' dir='ltr' id='par_1_7' title="bbox 1024 2858 1391 2931">
     <span class='ocr_line' id='line_1_22' title="bbox 1024 2858 1391 2931; baseline -0.003 -16"><span class='ocrx_word' id='word_1_151' title='bbox 1024 2858 1151 2925; x_wconf 88' lang='lat' dir='ltr'>[iterum</span> <span class='ocrx_word' id='word_1_152' title='bbox 1174 2860 1210 2916; x_wconf 90' lang='lat' dir='ltr'>ut</span> <span class='ocrx_word' id='word_1_153' title='bbox 1232 2858 1391 2931; x_wconf 89' lang='lat' dir='ltr'>vapulet&#39;’.</span> 
     </span>
    </p>

    <p class='ocr_par' dir='ltr' id='par_1_8' title="bbox 270 2964 1431 3894">
     <span class='ocr_line' id='line_1_23' title="bbox 343 2964 1431 3038; baseline 0.001 -17"><span class='ocrx_word' id='word_1_154' title='bbox 343 2964 525 3037; x_wconf 85' lang='lat' dir='ltr'>„Minaciter</span> <span class='ocrx_word' id='word_1_155' title='bbox 557 2965 625 3038; x_wconf 74' lang='lat' dir='ltr'>(leg.</span> <span class='ocrx_word' id='word_1_156' title='bbox 659 2965 797 3024; x_wconf 85' lang='lat' dir='ltr'>fortasse</span> <span class='ocrx_word' id='word_1_157' title='bbox 829 2964 1026 3036; x_wconf 81' lang='lat' dir='ltr'>mirabiliter)</span> <span class='ocrx_word' id='word_1_158' title='bbox 1058 2965 1153 3037; x_wconf 89' lang='lat' dir='ltr'>poeta</span> <span class='ocrx_word' id='word_1_159' title='bbox 1184 2966 1321 3038; x_wconf 88' lang='lat' dir='ltr'>priorem</span> <span class='ocrx_word' id='word_1_160' title='bbox 1339 2965 1431 3023; x_wconf 88' lang='lat' dir='ltr'>litem</span> 
     </span>
     <span class='ocr_line' id='line_1_24' title="bbox 302 3071 1431 3146; baseline 0.001 -19"><span class='ocrx_word' id='word_1_161' title='bbox 302 3071 461 3144; x_wconf 72' lang='lat' dir='ltr'>„sustulit</span> <span class='ocrx_word' id='word_1_162' title='bbox 493 3071 639 3131; x_wconf 90' lang='lat' dir='ltr'>dicendo:</span> <span class='ocrx_word' id='word_1_163' title='bbox 663 3072 827 3146; x_wconf 85' lang='lat' dir='ltr'>„iterum’&#39;,</span> <span class='ocrx_word' id='word_1_164' title='bbox 850 3072 886 3130; x_wconf 91' lang='lat' dir='ltr'>ut</span> <span class='ocrx_word' id='word_1_165' title='bbox 908 3088 972 3132; x_wconf 93' lang='lat' dir='ltr'>non</span> <span class='ocrx_word' id='word_1_166' title='bbox 994 3072 1106 3130; x_wconf 87' lang='lat' dir='ltr'>eadem</span> <span class='ocrx_word' id='word_1_167' title='bbox 1128 3072 1167 3129; x_wconf 92' lang='lat' dir='ltr'>lis</span> <span class='ocrx_word' id='word_1_168' title='bbox 1191 3073 1285 3145; x_wconf 89' lang='lat' dir='ltr'>esset,</span> <span class='ocrx_word' id='word_1_169' title='bbox 1309 3071 1431 3143; x_wconf 81' lang='lat' dir='ltr'>deque</span> 
     </span>
     <span class='ocr_line' id='line_1_25' title="bbox 302 3177 1430 3253; baseline -0.001 -18"><span class='ocrx_word' id='word_1_170' title='bbox 302 3192 417 3251; x_wconf 84' lang='lat' dir='ltr'>„supra</span> <span class='ocrx_word' id='word_1_171' title='bbox 444 3179 565 3237; x_wconf 92' lang='lat' dir='ltr'>Demea</span> <span class='ocrx_word' id='word_1_172' title='bbox 593 3180 727 3251; x_wconf 87' lang='lat' dir='ltr'>questus</span> <span class='ocrx_word' id='word_1_173' title='bbox 750 3180 808 3253; x_wconf 89' lang='lat' dir='ltr'>est,</span> <span class='ocrx_word' id='word_1_174' title='bbox 831 3179 887 3238; x_wconf 94' lang='lat' dir='ltr'>sed</span> <span class='ocrx_word' id='word_1_175' title='bbox 908 3180 1093 3238; x_wconf 89' lang='lat' dir='ltr'>instaurata</span> <span class='ocrx_word' id='word_1_176' title='bbox 1113 3177 1296 3237; x_wconf 81' lang='lat' dir='ltr'>nascatur’&#39;.</span> <span class='ocrx_word' id='word_1_177' title='bbox 1338 3177 1430 3235; x_wconf 91' lang='lat' dir='ltr'>Hanc</span> 
     </span>
     <span class='ocr_line' id='line_1_26' title="bbox 298 3283 1428 3358; baseline -0.002 -17"><span class='ocrx_word' id='word_1_178' title='bbox 298 3284 410 3342; x_wconf 89' lang='lat' dir='ltr'>tamen</span> <span class='ocrx_word' id='word_1_179' title='bbox 451 3284 568 3344; x_wconf 89' lang='lat' dir='ltr'>Donati</span> <span class='ocrx_word' id='word_1_180' title='bbox 609 3285 856 3358; x_wconf 87' lang='lat' dir='ltr'>explicationem</span> <span class='ocrx_word' id='word_1_181' title='bbox 894 3300 989 3344; x_wconf 92' lang='lat' dir='ltr'>nemo</span> <span class='ocrx_word' id='word_1_182' title='bbox 1027 3285 1120 3343; x_wconf 93' lang='lat' dir='ltr'>hodie</span> <span class='ocrx_word' id='word_1_183' title='bbox 1151 3283 1243 3344; x_wconf 83' lang='lat' dir='ltr'>facile</span> <span class='ocrx_word' id='word_1_184' title='bbox 1274 3283 1428 3356; x_wconf 91' lang='lat' dir='ltr'>probabit.</span> 
     </span>
     <span class='ocr_line' id='line_1_27' title="bbox 270 3390 1429 3465; baseline -0.003 -16"><span class='ocrx_word' id='word_1_185' title='bbox 270 3437 274 3456; x_wconf 86' lang='lat'><em>,</em></span> <span class='ocrx_word' id='word_1_186' title='bbox 340 3391 452 3450; x_wconf 90' lang='lat' dir='ltr'>Procul</span> <span class='ocrx_word' id='word_1_187' title='bbox 481 3391 575 3451; x_wconf 92' lang='lat' dir='ltr'>dubio</span> <span class='ocrx_word' id='word_1_188' title='bbox 604 3406 701 3450; x_wconf 91' lang='lat' dir='ltr'>scena</span> <span class='ocrx_word' id='word_1_189' title='bbox 723 3407 740 3450; x_wconf 93' lang='lat' dir='ltr'>e</span> <span class='ocrx_word' id='word_1_190' title='bbox 761 3392 884 3465; x_wconf 89' lang='lat' dir='ltr'>Diphilo</span> <span class='ocrx_word' id='word_1_191' title='bbox 905 3392 1036 3465; x_wconf 85' lang='lat' dir='ltr'>inserta,</span> <span class='ocrx_word' id='word_1_192' title='bbox 1059 3392 1089 3449; x_wconf 91' lang='grc' dir='ltr'>ΙΙ</span> <span class='ocrx_word' id='word_1_193' title='bbox 1112 3394 1139 3465; x_wconf 86' lang='lat'>1,</span> <span class='ocrx_word' id='word_1_194' title='bbox 1162 3391 1261 3450; x_wconf 88' lang='lat' dir='ltr'>oculis</span> <span class='ocrx_word' id='word_1_195' title='bbox 1283 3390 1429 3464; x_wconf 90' lang='lat' dir='ltr'>proponit</span> 
     </span>
     <span class='ocr_line' id='line_1_28' title="bbox 299 3497 1430 3573; baseline -0.001 -18"><span class='ocrx_word' id='word_1_196' title='bbox 299 3497 433 3556; x_wconf 89' lang='lat' dir='ltr'>eandem</span> <span class='ocrx_word' id='word_1_197' title='bbox 461 3497 562 3573; x_wconf 85' lang='lat' dir='ltr'>litem,</span> <span class='ocrx_word' id='word_1_198' title='bbox 592 3514 691 3571; x_wconf 89' lang='lat' dir='ltr'>quam</span> <span class='ocrx_word' id='word_1_199' title='bbox 713 3498 818 3572; x_wconf 90' lang='lat' dir='ltr'>paullo</span> <span class='ocrx_word' id='word_1_200' title='bbox 841 3500 917 3558; x_wconf 90' lang='lat' dir='ltr'>ante</span> <span class='ocrx_word' id='word_1_201' title='bbox 937 3499 1058 3557; x_wconf 88' lang='lat' dir='ltr'>Demea</span> <span class='ocrx_word' id='word_1_202' title='bbox 1079 3498 1276 3557; x_wconf 90' lang='lat' dir='ltr'>narraverat.</span> <span class='ocrx_word' id='word_1_203' title='bbox 1319 3497 1430 3555; x_wconf 87' lang='lat' dir='ltr'>Faten-</span> 
     </span>
     <span class='ocr_line' id='line_1_29' title="bbox 299 3603 1427 3679; baseline -0.002 -17"><span class='ocrx_word' id='word_1_204' title='bbox 299 3604 376 3663; x_wconf 91' lang='lat' dir='ltr'>dum</span> <span class='ocrx_word' id='word_1_205' title='bbox 406 3606 455 3663; x_wconf 89' lang='lat' dir='ltr'>est</span> <span class='ocrx_word' id='word_1_206' title='bbox 483 3606 580 3678; x_wconf 91' lang='lat' dir='ltr'>igitur</span> <span class='ocrx_word' id='word_1_207' title='bbox 608 3606 659 3664; x_wconf 92' lang='lat' dir='ltr'>hic</span> <span class='ocrx_word' id='word_1_208' title='bbox 680 3608 810 3679; x_wconf 90' lang='lat' dir='ltr'>poetam</span> <span class='ocrx_word' id='word_1_209' title='bbox 831 3605 970 3665; x_wconf 91' lang='lat' dir='ltr'>latinum</span> <span class='ocrx_word' id='word_1_210' title='bbox 991 3603 1226 3679; x_wconf 85' lang='lat' dir='ltr'>neglegentiam</span> <span class='ocrx_word' id='word_1_211' title='bbox 1249 3603 1427 3677; x_wconf 88' lang='lat' dir='ltr'>admisisse,</span> 
     </span>
     <span class='ocr_line' id='line_1_30' title="bbox 298 3708 1430 3787; baseline -0.003 -17"><span class='ocrx_word' id='word_1_212' title='bbox 298 3725 498 3785; x_wconf 84' lang='lat' dir='ltr'>quamquam</span> <span class='ocrx_word' id='word_1_213' title='bbox 537 3713 636 3772; x_wconf 90' lang='lat' dir='ltr'>etiam</span> <span class='ocrx_word' id='word_1_214' title='bbox 675 3714 707 3772; x_wconf 91' lang='lat' dir='ltr'>in</span> <span class='ocrx_word' id='word_1_215' title='bbox 747 3713 923 3786; x_wconf 83' lang='lat' dir='ltr'>exemplari</span> <span class='ocrx_word' id='word_1_216' title='bbox 954 3727 1067 3787; x_wconf 89' lang='lat' dir='ltr'>graeco</span> <span class='ocrx_word' id='word_1_217' title='bbox 1099 3727 1163 3771; x_wconf 92' lang='lat' dir='ltr'>uon</span> <span class='ocrx_word' id='word_1_218' title='bbox 1195 3709 1305 3771; x_wconf 90' lang='lat' dir='ltr'>omnia</span> <span class='ocrx_word' id='word_1_219' title='bbox 1335 3708 1430 3783; x_wconf 91' lang='lat' dir='ltr'>culpa</span> 
     </span>
     <span class='ocr_line' id='line_1_31' title="bbox 297 3816 1429 3894; baseline -0.003 -18"><span class='ocrx_word' id='word_1_220' title='bbox 297 3832 435 3877; x_wconf 87' lang='lat' dir='ltr'>vacasse</span> <span class='ocrx_word' id='word_1_221' title='bbox 447 3820 561 3892; x_wconf 89' lang='lat' dir='ltr'>postea</span> <span class='ocrx_word' id='word_1_222' title='bbox 576 3819 755 3894; x_wconf 84' lang='lat' dir='ltr'>ostendam,</span> <span class='ocrx_word' id='word_1_223' title='bbox 771 3835 847 3878; x_wconf 92' lang='lat' dir='ltr'>cum</span> <span class='ocrx_word' id='word_1_224' title='bbox 862 3821 940 3878; x_wconf 90' lang='lat' dir='ltr'>data</span> <span class='ocrx_word' id='word_1_225' title='bbox 954 3833 1049 3893; x_wconf 90' lang='lat' dir='ltr'>opera</span> <span class='ocrx_word' id='word_1_226' title='bbox 1059 3819 1219 3891; x_wconf 88' lang='lat' dir='ltr'>inquiram</span> <span class='ocrx_word' id='word_1_227' title='bbox 1230 3817 1263 3876; x_wconf 91' lang='lat' dir='ltr'>in</span> <span class='ocrx_word' id='word_1_228' title='bbox 1274 3816 1429 3889; x_wconf 89' lang='lat' dir='ltr'>temporis</span> 
     </span>
    </p>
   </div>
   <div class='ocr_carea' id='block_1_3' title="bbox 293 3981 1431 4323">
    <p class='ocr_par' dir='ltr' id='par_1_9' title="bbox 293 3981 1431 4323">
     <span class='ocr_line' id='line_1_32' title="bbox 330 3981 1431 4053; baseline -0.004 -12"><span class='ocrx_word' id='word_1_229' title='bbox 330 3984 352 4050; x_wconf 90' lang='grc'>1)</span> <span class='ocrx_word' id='word_1_230' title='bbox 388 3986 453 4041; x_wconf 86' lang='lat' dir='ltr'>Non</span> <span class='ocrx_word' id='word_1_231' title='bbox 472 3985 695 4053; x_wconf 87' lang='lat' dir='ltr'>confugiendum</span> <span class='ocrx_word' id='word_1_232' title='bbox 715 3988 761 4042; x_wconf 90' lang='lat' dir='ltr'>est</span> <span class='ocrx_word' id='word_1_233' title='bbox 778 3988 814 4042; x_wconf 92' lang='lat' dir='ltr'>ad</span> <span class='ocrx_word' id='word_1_234' title='bbox 832 3986 997 4041; x_wconf 79' lang='lat' dir='ltr'>arbitrariae</span> <span class='ocrx_word' id='word_1_235' title='bbox 1015 3985 1069 4041; x_wconf 90' lang='lat' dir='ltr'>loci</span> <span class='ocrx_word' id='word_1_236' title='bbox 1088 3984 1313 4047; x_wconf 84' lang='lat' dir='ltr'>emendationes,</span> <span class='ocrx_word' id='word_1_237' title='bbox 1331 3981 1431 4051; x_wconf 82' lang='lat' dir='ltr'>quales</span> 
     </span>
     <span class='ocr_line' id='line_1_33' title="bbox 293 4071 1431 4145; baseline -0.004 -16"><span class='ocrx_word' id='word_1_238' title='bbox 293 4078 507 4143; x_wconf 88' lang='lat' dir='ltr'>proposuerunt</span> <span class='ocrx_word' id='word_1_239' title='bbox 535 4075 661 4145; x_wconf 68' lang='lat' dir='ltr'>(lapelee</span> <span class='ocrx_word' id='word_1_240' title='bbox 690 4076 793 4145; x_wconf 79' lang='lat' dir='ltr'>„homo</span> <span class='ocrx_word' id='word_1_241' title='bbox 821 4091 870 4130; x_wconf 89' lang='lat' dir='ltr'>me</span> <span class='ocrx_word' id='word_1_242' title='bbox 897 4074 1034 4144; x_wconf 88' lang='lat' dir='ltr'>arripuit’&#39;</span> <span class='ocrx_word' id='word_1_243' title='bbox 1064 4076 1116 4130; x_wconf 90' lang='lat' dir='ltr'>aut</span> <span class='ocrx_word' id='word_1_244' title='bbox 1150 4072 1311 4142; x_wconf 70' lang='lat' dir='ltr'>Wagneroa</span> <span class='ocrx_word' id='word_1_245' title='bbox 1331 4071 1431 4142; x_wconf 80' lang='lat' dir='ltr'>„Domi</span> 
     </span>
     <span class='ocr_line' id='line_1_34' title="bbox 295 4160 1431 4235; baseline -0.004 -17"><span class='ocrx_word' id='word_1_246' title='bbox 295 4164 346 4227; x_wconf 87' lang='lat' dir='ltr'>(sic</span> <span class='ocrx_word' id='word_1_247' title='bbox 372 4161 542 4230; x_wconf 82' lang='lat' dir='ltr'>Bembinus)</span> <span class='ocrx_word' id='word_1_248' title='bbox 569 4180 617 4221; x_wconf 88' lang='lat' dir='ltr'>me</span> <span class='ocrx_word' id='word_1_249' title='bbox 644 4165 790 4235; x_wconf 85' lang='lat' dir='ltr'>am&#39;puit”‚</span> <span class='ocrx_word' id='word_1_250' title='bbox 818 4179 905 4233; x_wconf 87' lang='lat' dir='ltr'>quam</span> <span class='ocrx_word' id='word_1_251' title='bbox 932 4179 980 4220; x_wconf 88' lang='lat' dir='ltr'>me</span> <span class='ocrx_word' id='word_1_252' title='bbox 1007 4163 1099 4220; x_wconf 88' lang='lat' dir='ltr'>iudice</span> <span class='ocrx_word' id='word_1_253' title='bbox 1126 4163 1271 4226; x_wconf 87' lang='lat' dir='ltr'>immerito</span> <span class='ocrx_word' id='word_1_254' title='bbox 1299 4160 1431 4229; x_wconf 88' lang='lat' dir='ltr'>probavit</span> 
     </span>
     <span class='ocr_line' id='line_1_35' title="bbox 295 4253 1093 4323; baseline 0.001 -16"><span class='ocrx_word' id='word_1_255' title='bbox 295 4253 394 4320; x_wconf 82' lang='lat' dir='ltr'>Fabio,</span> <span class='ocrx_word' id='word_1_256' title='bbox 413 4253 469 4309; x_wconf 87' lang='lat' dir='ltr'>Les</span> <span class='ocrx_word' id='word_1_257' title='bbox 487 4254 640 4323; x_wconf 88' lang='lat' dir='ltr'>prologues</span> <span class='ocrx_word' id='word_1_258' title='bbox 659 4255 694 4310; x_wconf 88' lang='lat' dir='ltr'>de</span> <span class='ocrx_word' id='word_1_259' title='bbox 713 4253 840 4310; x_wconf 82' lang='lat' dir='ltr'>Terence</span> <span class='ocrx_word' id='word_1_260' title='bbox 858 4269 905 4323; x_wconf 88' lang='lat' dir='ltr'>pg.</span> <span class='ocrx_word' id='word_1_261' title='bbox 924 4254 1093 4322; x_wconf 71' lang='lat' dir='ltr'>cornert.</span> 
     </span>
    </p>
   </div>
   <div class='ocr_carea' id='block_1_4' title="bbox 0 0 1698 5046">
    <p class='ocr_par' dir='ltr' id='par_1_10' title="bbox 0 0 1698 5046">
     <span class='ocr_line' id='line_1_36' title="bbox 0 0 1698 5046; baseline 0 4"><span class='ocrx_word' id='word_1_262' title='bbox 0 0 1698 5046; x_wconf 95' lang='lat' dir='ltr'> </span> 
     </span>
    </p>
   </div>
  </div>
 </body>
</html>
