<?xml version="1.0" encoding="UTF-8"?>
<!DOCTYPE html PUBLIC "-//W3C//DTD XHTML 1.0 Transitional//EN"
    "http://www.w3.org/TR/xhtml1/DTD/xhtml1-transitional.dtd">
<html xmlns="http://www.w3.org/1999/xhtml" xml:lang="en" lang="en">
 <head>
  <title>
</title>
<meta http-equiv="Content-Type" content="text/html;charset=utf-8" />
  <meta name='ocr-system' content='tesseract 3.04.00' />
  <meta name='ocr-capabilities' content='ocr_page ocr_carea ocr_par ocr_line ocrx_word'/>
</head>
<body>
  <div class='ocr_page' id='page_1' title='image "./questionesteren00sipkgoog_0100.png"; bbox 0 0 3368 5046; ppageno 0'>
   <div class='ocr_carea' id='block_1_1' title="bbox 808 552 847 610">
    <p class='ocr_par' dir='ltr' id='par_1_1' title="bbox 808 552 847 610">
     <span class='ocr_line' id='line_1_1' title="bbox 808 552 847 610; baseline 0 0"><span class='ocrx_word' id='word_1_1' title='bbox 808 552 847 610; x_wconf 87' lang='lat'>83</span> 
     </span>
    </p>
   </div>
   <div class='ocr_carea' id='block_1_2' title="bbox 261 733 1398 2518">
    <p class='ocr_par' dir='ltr' id='par_1_2' title="bbox 261 733 1397 1758">
     <span class='ocr_line' id='line_1_2' title="bbox 261 733 1395 814; baseline -0.004 -13"><span class='ocrx_word' id='word_1_2' title='bbox 261 737 422 801; x_wconf 73' lang='lat' dir='ltr'><strong>horruisse</strong></span> <span class='ocrx_word' id='word_1_3' title='bbox 453 737 493 798; x_wconf 87' lang='lat' dir='ltr'>ab</span> <span class='ocrx_word' id='word_1_4' title='bbox 523 736 628 797; x_wconf 91' lang='lat' dir='ltr'>indole</span> <span class='ocrx_word' id='word_1_5' title='bbox 658 737 753 796; x_wconf 91' lang='lat' dir='ltr'>huius</span> <span class='ocrx_word' id='word_1_6' title='bbox 778 737 912 811; x_wconf 86' lang='lat' dir='ltr'>generis.</span> <span class='ocrx_word' id='word_1_7' title='bbox 925 733 945 809; x_wconf 86' lang='lat'>¹)</span> <span class='ocrx_word' id='word_1_8' title='bbox 967 737 1039 796; x_wconf 90' lang='lat' dir='ltr'>Iam</span> <span class='ocrx_word' id='word_1_9' title='bbox 1060 737 1089 796; x_wconf 90' lang='lat' dir='ltr'>si</span> <span class='ocrx_word' id='word_1_10' title='bbox 1109 738 1161 797; x_wconf 88' lang='lat' dir='ltr'>cul</span> <span class='ocrx_word' id='word_1_11' title='bbox 1182 753 1245 799; x_wconf 92' lang='lat' dir='ltr'>non</span> <span class='ocrx_word' id='word_1_12' title='bbox 1266 753 1395 814; x_wconf 88' lang='lat' dir='ltr'>prorsus</span> 
     </span>
     <span class='ocr_line' id='line_1_3' title="bbox 261 843 1396 920; baseline 0 -15"><span class='ocrx_word' id='word_1_13' title='bbox 261 845 441 906; x_wconf 76' lang='lat' dir='ltr'>incredibile</span> <span class='ocrx_word' id='word_1_14' title='bbox 482 845 617 918; x_wconf 88' lang='lat' dir='ltr'>videtur,</span> <span class='ocrx_word' id='word_1_15' title='bbox 662 843 876 917; x_wconf 82' lang='lat' dir='ltr'>locupletasse</span> <span class='ocrx_word' id='word_1_16' title='bbox 907 844 1072 904; x_wconf 81' lang='lat' dir='ltr'>auctorem</span> <span class='ocrx_word' id='word_1_17' title='bbox 1110 844 1257 920; x_wconf 90' lang='lat' dir='ltr'>latinum,</span> <span class='ocrx_word' id='word_1_18' title='bbox 1297 861 1396 919; x_wconf 89' lang='lat' dir='ltr'>quam</span> 
     </span>
     <span class='ocr_line' id='line_1_4' title="bbox 263 949 1394 1028; baseline -0.001 -16"><span class='ocrx_word' id='word_1_19' title='bbox 263 953 406 1013; x_wconf 83' lang='lat' dir='ltr'>fabulam</span> <span class='ocrx_word' id='word_1_20' title='bbox 442 951 632 1010; x_wconf 77' lang='lat' dir='ltr'>vertendam</span> <span class='ocrx_word' id='word_1_21' title='bbox 669 949 730 1009; x_wconf 87' lang='lat' dir='ltr'>sibi</span> <span class='ocrx_word' id='word_1_22' title='bbox 761 951 964 1026; x_wconf 80' lang='lat' dir='ltr'>sumpsisset,</span> <span class='ocrx_word' id='word_1_23' title='bbox 996 952 1224 1011; x_wconf 82' lang='lat' dir='ltr'>additamentis</span> <span class='ocrx_word' id='word_1_24' title='bbox 1252 953 1394 1028; x_wconf 68' lang='lat' dir='ltr'>propriis</span> 
     </span>
     <span class='ocr_line' id='line_1_5' title="bbox 263 1058 1397 1133; baseline 0 -14"><span class='ocrx_word' id='word_1_25' title='bbox 263 1061 400 1120; x_wconf 88' lang='lat' dir='ltr'>concedo</span> <span class='ocrx_word' id='word_1_26' title='bbox 418 1058 519 1117; x_wconf 89' lang='lat' dir='ltr'>talem</span> <span class='ocrx_word' id='word_1_27' title='bbox 539 1058 708 1117; x_wconf 86' lang='lat' dir='ltr'>audaciam</span> <span class='ocrx_word' id='word_1_28' title='bbox 727 1059 895 1117; x_wconf 89' lang='lat' dir='ltr'>convenire</span> <span class='ocrx_word' id='word_1_29' title='bbox 912 1059 1056 1132; x_wconf 89' lang='lat' dir='ltr'>potuisse</span> <span class='ocrx_word' id='word_1_30' title='bbox 1072 1058 1105 1116; x_wconf 92' lang='lat' dir='ltr'>in</span> <span class='ocrx_word' id='word_1_31' title='bbox 1122 1058 1291 1133; x_wconf 89' lang='lat' dir='ltr'>Naevium,</span> <span class='ocrx_word' id='word_1_32' title='bbox 1302 1075 1397 1119; x_wconf 87' lang='lat' dir='ltr'>nova·</span> 
     </span>
     <span class='ocr_line' id='line_1_6' title="bbox 261 1164 1394 1239; baseline -0.002 -14"><span class='ocrx_word' id='word_1_33' title='bbox 261 1170 367 1226; x_wconf 85' lang='lat' dir='ltr'>torem</span> <span class='ocrx_word' id='word_1_34' title='bbox 378 1179 457 1223; x_wconf 90' lang='lat' dir='ltr'>sane</span> <span class='ocrx_word' id='word_1_35' title='bbox 468 1165 730 1236; x_wconf 89' lang='lat' dir='ltr'>audacissimum,</span> <span class='ocrx_word' id='word_1_36' title='bbox 738 1164 772 1221; x_wconf 92' lang='lat' dir='ltr'>in</span> <span class='ocrx_word' id='word_1_37' title='bbox 780 1164 932 1223; x_wconf 89' lang='lat' dir='ltr'>Plautum</span> <span class='ocrx_word' id='word_1_38' title='bbox 941 1165 1049 1239; x_wconf 91' lang='lat' dir='ltr'>etiam,</span> <span class='ocrx_word' id='word_1_39' title='bbox 1059 1165 1182 1238; x_wconf 90' lang='lat' dir='ltr'>atnego</span> <span class='ocrx_word' id='word_1_40' title='bbox 1191 1165 1394 1226; x_wconf 83' lang='lat' dir='ltr'>deTerentio.</span> 
     </span>
     <span class='ocr_line' id='line_1_7' title="bbox 263 1271 1396 1348; baseline 0 -16"><span class='ocrx_word' id='word_1_41' title='bbox 263 1272 376 1348; x_wconf 84' lang='lat' dir='ltr'>Quidni</span> <span class='ocrx_word' id='word_1_42' title='bbox 414 1272 576 1344; x_wconf 87' lang='lat' dir='ltr'>Hecyram</span> <span class='ocrx_word' id='word_1_43' title='bbox 615 1271 769 1344; x_wconf 89' lang='lat' dir='ltr'>fabulam,</span> <span class='ocrx_word' id='word_1_44' title='bbox 801 1271 850 1330; x_wconf 89' lang='lat' dir='ltr'>bis</span> <span class='ocrx_word' id='word_1_45' title='bbox 881 1271 1049 1346; x_wconf 86' lang='lat' dir='ltr'>explosam</span> <span class='ocrx_word' id='word_1_46' title='bbox 1080 1272 1303 1348; x_wconf 82' lang='lat' dir='ltr'>exactamque,</span> <span class='ocrx_word' id='word_1_47' title='bbox 1335 1273 1396 1332; x_wconf 87' lang='lat' dir='ltr'>hac</span> 
     </span>
     <span class='ocr_line' id='line_1_8' title="bbox 263 1377 1397 1451; baseline 0 -14"><span class='ocrx_word' id='word_1_48' title='bbox 263 1379 387 1439; x_wconf 90' lang='lat' dir='ltr'>ratione</span> <span class='ocrx_word' id='word_1_49' title='bbox 430 1377 664 1451; x_wconf 87' lang='lat' dir='ltr'>spectatoribus</span> <span class='ocrx_word' id='word_1_50' title='bbox 707 1377 1032 1437; x_wconf 88' lang='lat' dir='ltr'>accommodatiorem</span> <span class='ocrx_word' id='word_1_51' title='bbox 1072 1377 1232 1438; x_wconf 79' lang='lat' dir='ltr'>reddidit?</span> <span class='ocrx_word' id='word_1_52' title='bbox 1284 1379 1397 1439; x_wconf 88' lang='lat' dir='ltr'>Nonne</span> 
     </span>
     <span class='ocr_line' id='line_1_9' title="bbox 263 1481 1395 1561; baseline 0.001 -18"><span class='ocrx_word' id='word_1_53' title='bbox 263 1485 383 1561; x_wconf 83' lang='lat' dir='ltr'>prologi</span> <span class='ocrx_word' id='word_1_54' title='bbox 413 1499 536 1558; x_wconf 85' lang='lat' dir='ltr'>versus,</span> <span class='ocrx_word' id='word_1_55' title='bbox 569 1499 632 1557; x_wconf 93' lang='lat' dir='ltr'>quo</span> <span class='ocrx_word' id='word_1_56' title='bbox 664 1481 823 1558; x_wconf 86' lang='lat' dir='ltr'>significat</span> <span class='ocrx_word' id='word_1_57' title='bbox 857 1485 977 1557; x_wconf 88' lang='lat' dir='ltr'>auctor,</span> <span class='ocrx_word' id='word_1_58' title='bbox 1008 1499 1045 1542; x_wconf 90' lang='lat' dir='ltr'>se</span> <span class='ocrx_word' id='word_1_59' title='bbox 1074 1499 1174 1559; x_wconf 90' lang='lat' dir='ltr'>,quae</span> <span class='ocrx_word' id='word_1_60' title='bbox 1200 1487 1395 1545; x_wconf 89' lang='lat' dir='ltr'>convenere”</span> 
     </span>
     <span class='ocr_line' id='line_1_10' title="bbox 262 1588 1397 1665; baseline 0 -14"><span class='ocrx_word' id='word_1_61' title='bbox 262 1591 478 1665; x_wconf 87' lang='lat' dir='ltr'>transtulisse,</span> <span class='ocrx_word' id='word_1_62' title='bbox 523 1588 620 1649; x_wconf 87' lang='lat' dir='ltr'>fidem</span> <span class='ocrx_word' id='word_1_63' title='bbox 661 1590 765 1649; x_wconf 87' lang='lat' dir='ltr'>facere</span> <span class='ocrx_word' id='word_1_64' title='bbox 805 1589 932 1650; x_wconf 87' lang='lat' dir='ltr'>videtur</span> <span class='ocrx_word' id='word_1_65' title='bbox 972 1591 1211 1651; x_wconf 88' lang='lat' dir='ltr'>mutuationem</span> <span class='ocrx_word' id='word_1_66' title='bbox 1252 1593 1397 1665; x_wconf 87' lang='lat' dir='ltr'>patuisse</span> 
     </span>
     <span class='ocr_line' id='line_1_11' title="bbox 264 1699 460 1758; baseline 0.005 -1"><span class='ocrx_word' id='word_1_67' title='bbox 264 1699 349 1758; x_wconf 89' lang='lat' dir='ltr'>ultra</span> <span class='ocrx_word' id='word_1_68' title='bbox 370 1699 385 1757; x_wconf 93' lang='lat' dir='ltr'>l</span> <span class='ocrx_word' id='word_1_69' title='bbox 408 1699 460 1758; x_wconf 88' lang='lat' dir='ltr'>l.?</span> 
     </span>
    </p>

    <p class='ocr_par' dir='ltr' id='par_1_3' title="bbox 266 1801 1396 1985">
     <span class='ocr_line' id='line_1_12' title="bbox 304 1801 1396 1878; baseline 0 -14"><span class='ocrx_word' id='word_1_70' title='bbox 304 1801 363 1864; x_wconf 86' lang='lat' dir='ltr'>His</span> <span class='ocrx_word' id='word_1_71' title='bbox 396 1803 595 1878; x_wconf 84' lang='lat' dir='ltr'>argumentis</span> <span class='ocrx_word' id='word_1_72' title='bbox 628 1804 666 1861; x_wconf 89' lang='lat' dir='ltr'>ab</span> <span class='ocrx_word' id='word_1_73' title='bbox 700 1803 791 1863; x_wconf 88' lang='lat' dir='ltr'>lhnio</span> <span class='ocrx_word' id='word_1_74' title='bbox 820 1803 978 1877; x_wconf 91' lang='lat' dir='ltr'>sociisque</span> <span class='ocrx_word' id='word_1_75' title='bbox 1006 1803 1161 1877; x_wconf 91' lang='lat' dir='ltr'>adlegatis</span> <span class='ocrx_word' id='word_1_76' title='bbox 1189 1805 1268 1864; x_wconf 89' lang='lat' dir='ltr'>haec</span> <span class='ocrx_word' id='word_1_77' title='bbox 1296 1805 1396 1864; x_wconf 89' lang='lat' dir='ltr'>etiarn</span> 
     </span>
     <span class='ocr_line' id='line_1_13' title="bbox 266 1911 503 1985; baseline 0.008 -15"><span class='ocrx_word' id='word_1_78' title='bbox 266 1911 337 1970; x_wconf 86' lang='lat' dir='ltr'>addi</span> <span class='ocrx_word' id='word_1_79' title='bbox 358 1911 503 1985; x_wconf 88' lang='lat' dir='ltr'>possunt.</span> 
     </span>
    </p>

    <p class='ocr_par' dir='ltr' id='par_1_4' title="bbox 264 2016 1398 2518">
     <span class='ocr_line' id='line_1_14' title="bbox 305 2016 1398 2093; baseline 0.001 -16"><span class='ocrx_word' id='word_1_80' title='bbox 305 2018 338 2077; x_wconf 90' lang='lat' dir='ltr'>Si</span> <span class='ocrx_word' id='word_1_81' title='bbox 359 2018 486 2078; x_wconf 83' lang='lat' dir='ltr'>Charini</span> <span class='ocrx_word' id='word_1_82' title='bbox 506 2017 700 2090; x_wconf 84' lang='lat' dir='ltr'>Byrriaeque</span> <span class='ocrx_word' id='word_1_83' title='bbox 721 2017 830 2090; x_wconf 87' lang='lat' dir='ltr'>partes</span> <span class='ocrx_word' id='word_1_84' title='bbox 851 2017 913 2090; x_wconf 90' lang='lat' dir='ltr'>ipsi</span> <span class='ocrx_word' id='word_1_85' title='bbox 934 2016 1082 2076; x_wconf 81' lang='lat' dir='ltr'>Terentio</span> <span class='ocrx_word' id='word_1_86' title='bbox 1104 2017 1277 2093; x_wconf 70' lang='lat' dir='ltr'>adtribuas</span> <span class='ocrx_word' id='word_1_87' title='bbox 1293 2033 1398 2078; x_wconf 90' lang='lat' dir='ltr'>nonne</span> 
     </span>
     <span class='ocr_line' id='line_1_15' title="bbox 266 2113 1397 2198; baseline 0.001 -15"><span class='ocrx_word' id='word_1_88' title='bbox 266 2125 435 2198; x_wconf 87' lang='lat' dir='ltr'>expectare</span> <span class='ocrx_word' id='word_1_89' title='bbox 467 2124 516 2182; x_wconf 84' lang='lat' dir='ltr'>fas</span> <span class='ocrx_word' id='word_1_90' title='bbox 548 2124 606 2197; x_wconf 90' lang='lat' dir='ltr'>est,</span> <span class='ocrx_word' id='word_1_91' title='bbox 638 2123 752 2197; x_wconf 89' lang='lat' dir='ltr'>inesse,</span> <span class='ocrx_word' id='word_1_92' title='bbox 782 2113 865 2196; x_wconf 88' lang='lat' dir='ltr'>quae</span> <span class='ocrx_word' id='word_1_93' title='bbox 891 2125 1112 2183; x_wconf 85' lang='lat' dir='ltr'>Romanorum</span> <span class='ocrx_word' id='word_1_94' title='bbox 1139 2125 1270 2183; x_wconf 88' lang='lat' dir='ltr'>tantum</span> <span class='ocrx_word' id='word_1_95' title='bbox 1291 2141 1397 2185; x_wconf 89' lang='lat' dir='ltr'>mores</span> 
     </span>
     <span class='ocr_line' id='line_1_16' title="bbox 265 2229 1397 2304; baseline 0 -14"><span class='ocrx_word' id='word_1_96' title='bbox 265 2231 488 2304; x_wconf 87' lang='lat' dir='ltr'>rationemque</span> <span class='ocrx_word' id='word_1_97' title='bbox 527 2231 655 2289; x_wconf 84' lang='lat' dir='ltr'>vivendi</span> <span class='ocrx_word' id='word_1_98' title='bbox 695 2229 848 2303; x_wconf 86' lang='lat' dir='ltr'>sapiant?</span> <span class='ocrx_word' id='word_1_99' title='bbox 888 2231 931 2289; x_wconf 83' lang='lat' dir='ltr'>At</span> <span class='ocrx_word' id='word_1_100' title='bbox 973 2231 1169 2290; x_wconf 89' lang='lat' dir='ltr'>contrarium</span> <span class='ocrx_word' id='word_1_101' title='bbox 1210 2233 1296 2290; x_wconf 90' lang='lat' dir='ltr'>recte</span> <span class='ocrx_word' id='word_1_102' title='bbox 1337 2232 1397 2292; x_wconf 91' lang='lat' dir='ltr'>dici</span> 
     </span>
     <span class='ocr_line' id='line_1_17' title="bbox 264 2337 1397 2412; baseline 0 -16"><span class='ocrx_word' id='word_1_103' title='bbox 264 2338 371 2412; x_wconf 82' lang='lat' dir='ltr'>potest</span> <span class='ocrx_word' id='word_1_104' title='bbox 392 2337 431 2395; x_wconf 92' lang='lat' dir='ltr'>de</span> <span class='ocrx_word' id='word_1_105' title='bbox 451 2337 555 2396; x_wconf 89' lang='lat' dir='ltr'>scenis</span> <span class='ocrx_word' id='word_1_106' title='bbox 576 2337 648 2412; x_wconf 89' lang='lat' dir='ltr'>illis,</span> <span class='ocrx_word' id='word_1_107' title='bbox 664 2338 718 2397; x_wconf 89' lang='lat' dir='ltr'>ubi</span> <span class='ocrx_word' id='word_1_108' title='bbox 732 2338 888 2398; x_wconf 82' lang='lat' dir='ltr'>Charinus</span> <span class='ocrx_word' id='word_1_109' title='bbox 903 2337 935 2396; x_wconf 88' lang='lat' dir='ltr'>et</span> <span class='ocrx_word' id='word_1_110' title='bbox 949 2337 1062 2409; x_wconf 89' lang='lat' dir='ltr'>Byrria</span> <span class='ocrx_word' id='word_1_111' title='bbox 1076 2338 1259 2410; x_wconf 90' lang='lat' dir='ltr'>procedunt.</span> <span class='ocrx_word' id='word_1_112' title='bbox 1281 2339 1397 2398; x_wconf 89' lang='lat' dir='ltr'>Omnia</span> 
     </span>
     <span class='ocr_line' id='line_1_18' title="bbox 265 2443 1397 2518; baseline 0.001 -16"><span class='ocrx_word' id='word_1_113' title='bbox 265 2458 416 2518; x_wconf 87' lang='lat' dir='ltr'>graecam</span> <span class='ocrx_word' id='word_1_114' title='bbox 436 2444 540 2502; x_wconf 90' lang='lat' dir='ltr'>vitam</span> <span class='ocrx_word' id='word_1_115' title='bbox 561 2459 739 2518; x_wconf 88' lang='lat' dir='ltr'>graecaque</span> <span class='ocrx_word' id='word_1_116' title='bbox 758 2445 911 2503; x_wconf 87' lang='lat' dir='ltr'>instituta</span> <span class='ocrx_word' id='word_1_117' title='bbox 931 2443 1081 2504; x_wconf 84' lang='lat' dir='ltr'>referunt.</span> <span class='ocrx_word' id='word_1_118' title='bbox 1122 2445 1303 2518; x_wconf 84' lang='lat' dir='ltr'>Agnoscere</span> <span class='ocrx_word' id='word_1_119' title='bbox 1322 2444 1397 2503; x_wconf 90' lang='lat' dir='ltr'>licet</span> 
     </span>
    </p>
   </div>
   <div class='ocr_carea' id='block_1_3' title="bbox 266 2550 1397 2718">
    <p class='ocr_par' dir='ltr' id='par_1_5' title="bbox 266 2550 1397 2718">
     <span class='ocr_line' id='line_1_19' title="bbox 266 2550 1397 2626; baseline -0.002 -15"><span class='ocrx_word' id='word_1_120' title='bbox 266 2550 412 2611; x_wconf 89' lang='lat' dir='ltr'>Atticam</span> <span class='ocrx_word' id='word_1_121' title='bbox 433 2550 649 2610; x_wconf 88' lang='lat' dir='ltr'>subtilitatem</span> <span class='ocrx_word' id='word_1_122' title='bbox 670 2552 701 2610; x_wconf 92' lang='lat' dir='ltr'>II</span> <span class='ocrx_word' id='word_1_123' title='bbox 724 2553 751 2612; x_wconf 88' lang='lat'>1.</span> <span class='ocrx_word' id='word_1_124' title='bbox 773 2553 860 2626; x_wconf 86' lang='lat'>3-8,</span> <span class='ocrx_word' id='word_1_125' title='bbox 883 2551 926 2609; x_wconf 91' lang='lat' dir='ltr'>IV</span> <span class='ocrx_word' id='word_1_126' title='bbox 942 2551 957 2609; x_wconf 96' lang='lat'>1</span> <span class='ocrx_word' id='word_1_127' title='bbox 975 2551 1102 2624; x_wconf 81' lang='lat'>11-14,</span> <span class='ocrx_word' id='word_1_128' title='bbox 1118 2550 1215 2609; x_wconf 87' lang='lat' dir='ltr'>simul</span> <span class='ocrx_word' id='word_1_129' title='bbox 1229 2551 1397 2610; x_wconf 84' lang='lat' dir='ltr'>levitatem</span> 
     </span>
     <span class='ocr_line' id='line_1_20' title="bbox 267 2658 553 2718; baseline 0.003 -2"><span class='ocrx_word' id='word_1_130' title='bbox 267 2659 300 2716; x_wconf 91' lang='lat' dir='ltr'>in</span> <span class='ocrx_word' id='word_1_131' title='bbox 321 2658 352 2716; x_wconf 91' lang='lat' dir='ltr'>II</span> <span class='ocrx_word' id='word_1_132' title='bbox 375 2659 402 2718; x_wconf 91' lang='lat'>1.</span> <span class='ocrx_word' id='word_1_133' title='bbox 426 2659 553 2718; x_wconf 79' lang='lat'>16-25.</span> 
     </span>
    </p>
   </div>
   <div class='ocr_carea' id='block_1_4' title="bbox 265 2763 1398 3476">
    <p class='ocr_par' dir='ltr' id='par_1_6' title="bbox 265 2763 1397 3264">
     <span class='ocr_line' id='line_1_21' title="bbox 306 2763 1395 2837; baseline -0.002 -13"><span class='ocrx_word' id='word_1_134' title='bbox 306 2765 402 2825; x_wconf 88' lang='lat' dir='ltr'>Porro</span> <span class='ocrx_word' id='word_1_135' title='bbox 452 2779 526 2823; x_wconf 91' lang='lat' dir='ltr'>curn</span> <span class='ocrx_word' id='word_1_136' title='bbox 566 2765 716 2823; x_wconf 87' lang='lat' dir='ltr'>accurate</span> <span class='ocrx_word' id='word_1_137' title='bbox 753 2764 911 2837; x_wconf 89' lang='lat' dir='ltr'>Pamphili</span> <span class='ocrx_word' id='word_1_138' title='bbox 951 2763 1114 2837; x_wconf 88' lang='lat' dir='ltr'>ingenium</span> <span class='ocrx_word' id='word_1_139' title='bbox 1156 2764 1395 2823; x_wconf 87' lang='lat' dir='ltr'>consideramus</span> 
     </span>
     <span class='ocr_line' id='line_1_22' title="bbox 265 2870 1397 2945; baseline -0.002 -15"><span class='ocrx_word' id='word_1_140' title='bbox 265 2871 359 2945; x_wconf 90' lang='lat' dir='ltr'>quale</span> <span class='ocrx_word' id='word_1_141' title='bbox 385 2872 418 2930; x_wconf 91' lang='lat' dir='ltr'>in</span> <span class='ocrx_word' id='word_1_142' title='bbox 446 2871 580 2944; x_wconf 89' lang='lat' dir='ltr'>singulis</span> <span class='ocrx_word' id='word_1_143' title='bbox 609 2870 736 2930; x_wconf 84' lang='lat' dir='ltr'>fabulae</span> <span class='ocrx_word' id='word_1_144' title='bbox 763 2871 867 2930; x_wconf 88' lang='lat' dir='ltr'>scenis</span> <span class='ocrx_word' id='word_1_145' title='bbox 896 2871 1057 2944; x_wconf 90' lang='lat' dir='ltr'>appareat,</span> <span class='ocrx_word' id='word_1_146' title='bbox 1081 2870 1227 2929; x_wconf 89' lang='lat' dir='ltr'>animum</span> <span class='ocrx_word' id='word_1_147' title='bbox 1247 2872 1397 2930; x_wconf 88' lang='lat' dir='ltr'>nostrum</span> 
     </span>
     <span class='ocr_line' id='line_1_23' title="bbox 265 2976 1397 3052; baseline -0.001 -16"><span class='ocrx_word' id='word_1_148' title='bbox 265 2977 403 3036; x_wconf 79' lang='lat' dir='ltr'>advertit</span> <span class='ocrx_word' id='word_1_149' title='bbox 425 2977 647 3052; x_wconf 87' lang='lat' dir='ltr'>discrepantia,</span> <span class='ocrx_word' id='word_1_150' title='bbox 670 2991 753 3050; x_wconf 91' lang='lat' dir='ltr'>quae</span> <span class='ocrx_word' id='word_1_151' title='bbox 772 2976 939 3034; x_wconf 87' lang='lat' dir='ltr'>intercedit</span> <span class='ocrx_word' id='word_1_152' title='bbox 959 2976 1043 3034; x_wconf 87' lang='lat' dir='ltr'>inter</span> <span class='ocrx_word' id='word_1_153' title='bbox 1063 2990 1187 3050; x_wconf 77' lang='lat' dir='ltr'>scenae,</span> <span class='ocrx_word' id='word_1_154' title='bbox 1212 2976 1282 3034; x_wconf 92' lang='lat' dir='ltr'>sine</span> <span class='ocrx_word' id='word_1_155' title='bbox 1303 2976 1397 3035; x_wconf 93' lang='lat' dir='ltr'>dubio</span> 
     </span>
     <span class='ocr_line' id='line_1_24' title="bbox 265 3083 1397 3158; baseline 0.001 -16"><span class='ocrx_word' id='word_1_156' title='bbox 265 3099 306 3142; x_wconf 87' lang='lat' dir='ltr'>ex</span> <span class='ocrx_word' id='word_1_157' title='bbox 337 3083 456 3142; x_wconf 87' lang='lat' dir='ltr'>Andria</span> <span class='ocrx_word' id='word_1_158' title='bbox 488 3084 676 3158; x_wconf 89' lang='lat' dir='ltr'>desumptas</span> <span class='ocrx_word' id='word_1_159' title='bbox 708 3084 740 3141; x_wconf 86' lang='lat' dir='ltr'>et</span> <span class='ocrx_word' id='word_1_160' title='bbox 772 3097 836 3157; x_wconf 85' lang='lat' dir='ltr'>eas,</span> <span class='ocrx_word' id='word_1_161' title='bbox 868 3084 900 3142; x_wconf 90' lang='lat' dir='ltr'>in</span> <span class='ocrx_word' id='word_1_162' title='bbox 932 3083 1047 3156; x_wconf 90' lang='lat' dir='ltr'>quibus</span> <span class='ocrx_word' id='word_1_163' title='bbox 1074 3098 1139 3141; x_wconf 91' lang='lat' dir='ltr'>una</span> <span class='ocrx_word' id='word_1_164' title='bbox 1165 3098 1240 3141; x_wconf 90' lang='lat' dir='ltr'>cum</span> <span class='ocrx_word' id='word_1_165' title='bbox 1262 3083 1397 3143; x_wconf 84' lang='lat' dir='ltr'>Charino</span> 
     </span>
     <span class='ocr_line' id='line_1_25' title="bbox 265 3190 779 3264; baseline 0.002 -15"><span class='ocrx_word' id='word_1_166' title='bbox 265 3191 298 3249; x_wconf 91' lang='lat' dir='ltr'>et</span> <span class='ocrx_word' id='word_1_167' title='bbox 318 3191 431 3264; x_wconf 87' lang='lat' dir='ltr'>Byrria</span> <span class='ocrx_word' id='word_1_168' title='bbox 451 3190 484 3249; x_wconf 94' lang='lat' dir='ltr'>in</span> <span class='ocrx_word' id='word_1_169' title='bbox 505 3205 602 3249; x_wconf 89' lang='lat' dir='ltr'>scena</span> <span class='ocrx_word' id='word_1_170' title='bbox 622 3191 779 3250; x_wconf 88' lang='lat' dir='ltr'>versatur.</span> 
     </span>
    </p>

    <p class='ocr_par' dir='ltr' id='par_1_7' title="bbox 265 3295 1398 3476">
     <span class='ocr_line' id='line_1_26' title="bbox 306 3295 1398 3371; baseline -0.004 -14"><span class='ocrx_word' id='word_1_171' title='bbox 306 3297 370 3357; x_wconf 88' lang='lat' dir='ltr'>Ubi</span> <span class='ocrx_word' id='word_1_172' title='bbox 400 3297 540 3371; x_wconf 84' lang='lat' dir='ltr'>primum</span> <span class='ocrx_word' id='word_1_173' title='bbox 568 3297 601 3356; x_wconf 92' lang='lat' dir='ltr'>in</span> <span class='ocrx_word' id='word_1_174' title='bbox 633 3311 765 3355; x_wconf 89' lang='lat' dir='ltr'>scenam</span> <span class='ocrx_word' id='word_1_175' title='bbox 787 3296 927 3369; x_wconf 91' lang='lat' dir='ltr'>procedit</span> <span class='ocrx_word' id='word_1_176' title='bbox 950 3296 1144 3370; x_wconf 89' lang='lat' dir='ltr'>Pamphilus,</span> <span class='ocrx_word' id='word_1_177' title='bbox 1167 3296 1181 3353; x_wconf 91' lang='lat' dir='ltr'>l</span> <span class='ocrx_word' id='word_1_178' title='bbox 1203 3297 1230 3369; x_wconf 86' lang='lat' dir='ltr'>b,</span> <span class='ocrx_word' id='word_1_179' title='bbox 1252 3295 1398 3356; x_wconf 86' lang='lat' dir='ltr'>maxime</span> 
     </span>
     <span class='ocr_line' id='line_1_27' title="bbox 265 3402 1396 3476; baseline 0 -14"><span class='ocrx_word' id='word_1_180' title='bbox 265 3404 334 3462; x_wconf 90' lang='lat' dir='ltr'>eius</span> <span class='ocrx_word' id='word_1_181' title='bbox 349 3404 477 3462; x_wconf 89' lang='lat' dir='ltr'>animus</span> <span class='ocrx_word' id='word_1_182' title='bbox 493 3404 622 3463; x_wconf 85' lang='lat' dir='ltr'>aestuat</span> <span class='ocrx_word' id='word_1_183' title='bbox 638 3405 735 3476; x_wconf 88' lang='lat' dir='ltr'>atque</span> <span class='ocrx_word' id='word_1_184' title='bbox 749 3404 954 3476; x_wconf 87' lang='lat' dir='ltr'>perturbatus</span> <span class='ocrx_word' id='word_1_185' title='bbox 965 3403 1015 3461; x_wconf 90' lang='lat' dir='ltr'>est</span> <span class='ocrx_word' id='word_1_186' title='bbox 1045 3402 1125 3461; x_wconf 91' lang='lat' dir='ltr'>Vide</span> <span class='ocrx_word' id='word_1_187' title='bbox 1136 3417 1162 3462; x_wconf 91' lang='lat' dir='ltr'>e.</span> <span class='ocrx_word' id='word_1_188' title='bbox 1174 3419 1203 3475; x_wconf 88' lang='lat' dir='ltr'>g.</span> <span class='ocrx_word' id='word_1_189' title='bbox 1215 3418 1245 3462; x_wconf 86' lang='grc'>1.</span> <span class='ocrx_word' id='word_1_190' title='bbox 1258 3403 1317 3461; x_wconf 80' lang='lat'>246</span> <span class='ocrx_word' id='word_1_191' title='bbox 1328 3416 1396 3474; x_wconf 89' lang='lat' dir='ltr'>sqq.</span> 
     </span>
    </p>
   </div>
   <div class='ocr_carea' id='block_1_5' title="bbox 262 3639 1401 4331">
    <p class='ocr_par' dir='ltr' id='par_1_8' title="bbox 262 3639 1401 4331">
     <span class='ocr_line' id='line_1_28' title="bbox 300 3639 1400 3711; baseline -0.002 -14"><span class='ocrx_word' id='word_1_192' title='bbox 300 3640 321 3708; x_wconf 86' lang='lat'>1)</span> <span class='ocrx_word' id='word_1_193' title='bbox 359 3642 439 3711; x_wconf 80' lang='lat' dir='ltr'>Quod</span> <span class='ocrx_word' id='word_1_194' title='bbox 466 3641 637 3710; x_wconf 86' lang='lat' dir='ltr'>Spengelius</span> <span class='ocrx_word' id='word_1_195' title='bbox 664 3657 692 3710; x_wconf 91' lang='lat' dir='ltr'>p.</span> <span class='ocrx_word' id='word_1_196' title='bbox 722 3641 756 3696; x_wconf 89' lang='grc'>13</span> <span class='ocrx_word' id='word_1_197' title='bbox 783 3642 867 3696; x_wconf 89' lang='lat' dir='ltr'>dicit:</span> <span class='ocrx_word' id='word_1_198' title='bbox 888 3640 943 3710; x_wconf 86' lang='lat' dir='ltr'>,So</span> <span class='ocrx_word' id='word_1_199' title='bbox 961 3642 1133 3709; x_wconf 87' lang='lat' dir='ltr'>geistesarm</span> <span class='ocrx_word' id='word_1_200' title='bbox 1151 3639 1253 3695; x_wconf 82' lang='lat' dir='ltr'>diirten</span> <span class='ocrx_word' id='word_1_201' title='bbox 1271 3641 1326 3695; x_wconf 87' lang='lat' dir='ltr'>wir</span> <span class='ocrx_word' id='word_1_202' title='bbox 1343 3655 1400 3695; x_wconf 88' lang='lat' dir='ltr'>uns</span> 
     </span>
     <span class='ocr_line' id='line_1_29' title="bbox 263 3730 1400 3798; baseline -0.001 -12"><span class='ocrx_word' id='word_1_203' title='bbox 263 3732 333 3786; x_wconf 88' lang='lat' dir='ltr'>aber</span> <span class='ocrx_word' id='word_1_204' title='bbox 349 3745 475 3786; x_wconf 87' lang='lat' dir='ltr'>unseren</span> <span class='ocrx_word' id='word_1_205' title='bbox 494 3731 613 3787; x_wconf 88' lang='lat' dir='ltr'>Dichter</span> <span class='ocrx_word' id='word_1_206' title='bbox 631 3731 713 3786; x_wconf 86' lang='lat' dir='ltr'>nicht</span> <span class='ocrx_word' id='word_1_207' title='bbox 731 3730 898 3798; x_wconf 87' lang='lat' dir='ltr'>vorstellen,</span> <span class='ocrx_word' id='word_1_208' title='bbox 917 3731 984 3786; x_wconf 79' lang='lat' dir='ltr'>dass</span> <span class='ocrx_word' id='word_1_209' title='bbox 1002 3744 1033 3784; x_wconf 89' lang='lat' dir='ltr'>er</span> <span class='ocrx_word' id='word_1_210' title='bbox 1049 3730 1121 3785; x_wconf 88' lang='lat' dir='ltr'>zwei</span> <span class='ocrx_word' id='word_1_211' title='bbox 1134 3744 1167 3784; x_wconf 90' lang='lat' dir='ltr'>so</span> <span class='ocrx_word' id='word_1_212' title='bbox 1179 3731 1400 3785; x_wconf 89' lang='lat' dir='ltr'>unbedeutende</span> 
     </span>
     <span class='ocr_line' id='line_1_30' title="bbox 263 3818 1401 3889; baseline -0.001 -15"><span class='ocrx_word' id='word_1_213' title='bbox 263 3819 374 3888; x_wconf 88' lang='lat' dir='ltr'>Rollen,</span> <span class='ocrx_word' id='word_1_214' title='bbox 401 3834 438 3874; x_wconf 87' lang='lat' dir='ltr'>zu</span> <span class='ocrx_word' id='word_1_215' title='bbox 465 3821 559 3875; x_wconf 91' lang='lat' dir='ltr'>denen</span> <span class='ocrx_word' id='word_1_216' title='bbox 587 3835 618 3876; x_wconf 89' lang='lat' dir='ltr'>er</span> <span class='ocrx_word' id='word_1_217' title='bbox 644 3820 721 3876; x_wconf 92' lang='lat' dir='ltr'>noch</span> <span class='ocrx_word' id='word_1_218' title='bbox 747 3821 828 3889; x_wconf 89' lang='lat' dir='ltr'>dazu,</span> <span class='ocrx_word' id='word_1_219' title='bbox 856 3834 945 3875; x_wconf 83' lang='lat' dir='ltr'>wenn</span> <span class='ocrx_word' id='word_1_220' title='bbox 972 3834 1003 3874; x_wconf 91' lang='lat' dir='ltr'>er</span> <span class='ocrx_word' id='word_1_221' title='bbox 1029 3819 1136 3884; x_wconf 82' lang='lat' dir='ltr'>wollte,</span> <span class='ocrx_word' id='word_1_222' title='bbox 1164 3818 1193 3873; x_wconf 91' lang='lat' dir='ltr'>in</span> <span class='ocrx_word' id='word_1_223' title='bbox 1219 3818 1401 3874; x_wconf 90' lang='lat' dir='ltr'>zahlreichen</span> 
     </span>
     <span class='ocr_line' id='line_1_31' title="bbox 262 3907 1399 3977; baseline 0 -15"><span class='ocrx_word' id='word_1_224' title='bbox 262 3907 462 3975; x_wconf 88' lang='lat' dir='ltr'>griechischen</span> <span class='ocrx_word' id='word_1_225' title='bbox 484 3910 545 3964; x_wconf 90' lang='lat' dir='ltr'>und</span> <span class='ocrx_word' id='word_1_226' title='bbox 569 3908 759 3964; x_wconf 86' lang='lat' dir='ltr'>lateinischen</span> <span class='ocrx_word' id='word_1_227' title='bbox 786 3909 965 3964; x_wconf 89' lang='lat' dir='ltr'>Komoedlen</span> <span class='ocrx_word' id='word_1_228' title='bbox 991 3907 1140 3963; x_wconf 89' lang='lat' dir='ltr'>Vorbllder</span> <span class='ocrx_word' id='word_1_229' title='bbox 1164 3907 1262 3962; x_wconf 91' lang='lat' dir='ltr'>finden</span> <span class='ocrx_word' id='word_1_230' title='bbox 1280 3907 1399 3977; x_wconf 88' lang='lat' dir='ltr'>konnte,</span> 
     </span>
     <span class='ocr_line' id='line_1_32' title="bbox 263 3995 1401 4068; baseline 0.001 -19"><span class='ocrx_word' id='word_1_231' title='bbox 263 3996 343 4051; x_wconf 90' lang='lat' dir='ltr'>nicht</span> <span class='ocrx_word' id='word_1_232' title='bbox 370 4010 424 4052; x_wconf 87' lang='lat' dir='ltr'>eus</span> <span class='ocrx_word' id='word_1_233' title='bbox 452 3998 583 4065; x_wconf 89' lang='lat' dir='ltr'>eigenem</span> <span class='ocrx_word' id='word_1_234' title='bbox 611 3999 775 4064; x_wconf 83' lang='lat' dir='ltr'>Vermdgen</span> <span class='ocrx_word' id='word_1_235' title='bbox 804 3998 879 4053; x_wconf 88' lang='lat' dir='ltr'>habe</span> <span class='ocrx_word' id='word_1_236' title='bbox 904 3997 1111 4068; x_wconf 85' lang='lat' dir='ltr'>hinzudlchten</span> <span class='ocrx_word' id='word_1_237' title='bbox 1139 3995 1292 4060; x_wconf 86' lang='lat' dir='ltr'>kdnnen.‚”</span> <span class='ocrx_word' id='word_1_238' title='bbox 1319 3997 1401 4065; x_wconf 87' lang='lat' dir='ltr'>parvi</span> 
     </span>
     <span class='ocr_line' id='line_1_33' title="bbox 264 4083 1400 4155; baseline 0.001 -17"><span class='ocrx_word' id='word_1_239' title='bbox 264 4083 427 4140; x_wconf 84' lang='lat' dir='ltr'>faciendum</span> <span class='ocrx_word' id='word_1_240' title='bbox 452 4089 498 4141; x_wconf 89' lang='lat' dir='ltr'>est</span> <span class='ocrx_word' id='word_1_241' title='bbox 523 4101 618 4155; x_wconf 91' lang='lat' dir='ltr'>neque</span> <span class='ocrx_word' id='word_1_242' title='bbox 644 4087 851 4155; x_wconf 88' lang='lat' dir='ltr'>quaerendum,</span> <span class='ocrx_word' id='word_1_243' title='bbox 877 4099 915 4141; x_wconf 89' lang='lat' dir='ltr'>an</span> <span class='ocrx_word' id='word_1_244' title='bbox 940 4088 1067 4154; x_wconf 85' lang='lat' dir='ltr'>potuerit</span> <span class='ocrx_word' id='word_1_245' title='bbox 1094 4086 1129 4140; x_wconf 92' lang='lat' dir='ltr'>de</span> <span class='ocrx_word' id='word_1_246' title='bbox 1147 4100 1201 4141; x_wconf 91' lang='lat' dir='ltr'>sno</span> <span class='ocrx_word' id='word_1_247' title='bbox 1219 4086 1330 4153; x_wconf 88' lang='lat' dir='ltr'>addere,</span> <span class='ocrx_word' id='word_1_248' title='bbox 1349 4085 1400 4140; x_wconf 87' lang='lat' dir='ltr'>sed</span> 
     </span>
     <span class='ocr_line' id='line_1_34' title="bbox 263 4171 1399 4243; baseline -0.001 -16"><span class='ocrx_word' id='word_1_249' title='bbox 263 4187 302 4227; x_wconf 86' lang='lat' dir='ltr'>an</span> <span class='ocrx_word' id='word_1_250' title='bbox 326 4176 415 4229; x_wconf 89' lang='lat' dir='ltr'>moris</span> <span class='ocrx_word' id='word_1_251' title='bbox 439 4174 527 4230; x_wconf 84' lang='lat' dir='ltr'>fuerit</span> <span class='ocrx_word' id='word_1_252' title='bbox 549 4175 683 4243; x_wconf 82' lang='lat' dir='ltr'>palliatae</span> <span class='ocrx_word' id='word_1_253' title='bbox 701 4176 812 4231; x_wconf 88' lang='lat' dir='ltr'>auctori</span> <span class='ocrx_word' id='word_1_254' title='bbox 831 4175 1035 4230; x_wconf 83' lang='lat' dir='ltr'>additamentis</span> <span class='ocrx_word' id='word_1_255' title='bbox 1053 4175 1174 4243; x_wconf 87' lang='lat' dir='ltr'>propriis</span> <span class='ocrx_word' id='word_1_256' title='bbox 1193 4171 1341 4241; x_wconf 87' lang='lat' dir='ltr'>exemplar</span> <span class='ocrx_word' id='word_1_257' title='bbox 1357 4186 1399 4240; x_wconf 90' lang='lat' dir='ltr'>gr·</span> 
     </span>
     <span class='ocr_line' id='line_1_35' title="bbox 263 4263 842 4331; baseline 0.007 -17"><span class='ocrx_word' id='word_1_258' title='bbox 263 4274 386 4331; x_wconf 88' lang='lat' dir='ltr'>augere;</span> <span class='ocrx_word' id='word_1_259' title='bbox 406 4263 583 4318; x_wconf 86' lang='lat' dir='ltr'>contrarium</span> <span class='ocrx_word' id='word_1_260' title='bbox 600 4266 701 4318; x_wconf 87' lang='lat' dir='ltr'>eutem</span> <span class='ocrx_word' id='word_1_261' title='bbox 719 4263 842 4318; x_wconf 86' lang='lat' dir='ltr'>constat.</span> 
     </span>
    </p>
   </div>
   <div class='ocr_carea' id='block_1_6' title="bbox 0 0 1693 5046">
    <p class='ocr_par' dir='ltr' id='par_1_9' title="bbox 0 0 1693 5046">
     <span class='ocr_line' id='line_1_36' title="bbox 0 0 1693 5046; baseline 0 0"><span class='ocrx_word' id='word_1_262' title='bbox 0 0 1693 5046; x_wconf 95' lang='lat' dir='ltr'> </span> 
     </span>
    </p>
   </div>
  </div>
 </body>
</html>
