3386 5046
833 560 850 617 7

276 747 304 806 ei
335 747 498 821 debemus,
531 746 615 819 quod
647 761 706 805 nos
738 744 891 805 sollicitat
924 745 963 804 ad
992 746 1273 805 accuratissimam
1302 761 1409 806 rerum

275 854 528 926 inquisitionem.
1041 919 1042 922 ,

314 961 361 1019 De
381 961 519 1034 prologis
543 960 671 1019 adhibui
692 959 810 1018 librum
832 958 1045 1018 utilissimum
1058 959 1195 1052 ¹Fabiae„

279 1069 339 1126 ΡΗ.
361 1069 476 1126 Flam.
498 1068 559 1125 Les
580 1067 748 1140 prologues
775 1066 813 1124 de
839 1067 987 1126 Terence.
1014 1066 1104 1127 Paris
1123 1066 1190 1146 eto.
1215 1067 1303 1125 1888.

316 1174 460 1246 Denique
480 1173 601 1233 contuli
623 1174 661 1232 de
681 1174 822 1232 Donato:
1013 1179 1015 1183 “

277 1283 314 1340 R.
348 1283 540 1340 Sassuuuu.
573 1281 622 1340 Gli
654 1280 744 1340 soulii
775 1279 948 1339 Donatiani
980 1279 1010 1338 ai
1039 1279 1100 1337 due
1127 1278 1221 1352 primi
1251 1279 1311 1337 atti
1339 1278 1410 1337 dell’

315 1383 446 1447 Eunuoo
468 1387 500 1444 di
522 1387 684 1446 Terenzio.
707 1387 847 1446 Firenze.
861 1388 947 1446 1894.
961 1385 1052 1445 Studi
1073 1385 1198 1444 italiani
1210 1385 1248 1443 de
1259 1383 1411 1458 Filologia

317 1493 463 1552 classica.
486 1493 555 1552 Vol.
579 1493 635 1552 ΠΙ.

276 1601 303 1659 J.
324 1601 352 1660 J.
373 1600 552 1660 Haemus.
574 1601 620 1658 De
642 1600 790 1659 Terentio
813 1600 845 1658 et
867 1599 993 1658 Donato
1005 1599 1247 1658 commentatio.
1266 1597 1411 1670 Lugduni

318 1708 519 1766 Batavorum
542 1708 630 1768 1895.

278 1814 318 1873 Η.
341 1814 377 1872 Τ.
399 1813 565 1873 Knnsuan
587 1814 634 1871 De
654 1813 784 1873 scholiis
806 1814 1000 1886 quibusdam
1021 1812 1138 1872 Donati
1160 1812 1199 1870 ad
1215 1811 1411 1872 Terentium.

318 1921 463 1994 Lugduni
498 1921 698 1980 Batavorum
732 1921 819 1980 1901.
863 1920 1162 1980 commentationes
1193 1919 1227 1977 in
1258 1919 1413 1978 honorem

317 2028 345 2087 J.
368 2027 400 2087 d.
423 2029 459 2088 G.
481 2028 595 2087 Bootii.
609 2025 629 2098 1)

312 2229 332 2295 1)
371 2231 450 2299 Quae
475 2247 492 2286 a
517 2231 551 2286 R.
571 2230 680 2286 (lauero
700 2231 735 2286 de
753 2229 816 2286 Ter.
836 2229 976 2298 Adelphis
994 2231 1143 2298 disputata
1161 2230 1279 2284 suntin
1297 2228 1416 2283 Wiener

277 2320 397 2376 Studien
416 2319 520 2374 XXIII
539 2321 563 2390 1,
582 2320 654 2374 mihi
672 2322 791 2374 demum
809 2320 1009 2384 innotuerunt,
1029 2334 1097 2374 oum
1115 2319 1228 2373 libellus
1241 2332 1326 2373 meus
1337 2316 1415 2385 prelo

276 2408 335 2463 iam
361 2409 534 2464 commissus
560 2411 646 2465 esset.
682 2410 717 2464 In
744 2410 889 2478 plerisque
915 2409 1125 2464 assentientem
1150 2409 1251 2477 habeo,
1273 2407 1417 2474 incapite

276 2511 346 2552 vero
363 2499 450 2553 tertio
469 2513 536 2554 oum
555 2498 673 2567 Regelio
692 2498 768 2554 iacit.
