3386 5046
866 552 885 609 4

310 738 421 811 insert3
451 737 562 814 polluit
585 737 762 812 Fonteiam,
784 738 817 795 in
838 752 937 810 quam
960 738 1136 812 arrogatur,
1159 752 1242 810 quae
1263 739 1339 798 ante
1358 741 1441 798 hano

311 845 547 918 arrogationem
569 845 608 904 ab
630 845 690 903 hac
712 844 841 904 macula
862 859 942 918 pura
963 844 1062 904 erat''.

351 951 438 1010 Haec
449 951 719 1023 hactenus;nuno
730 966 793 1010 non
805 951 863 1009 abs
874 965 909 1008 re
920 950 979 1008 erit
988 951 1179 1025 argumenta
1187 966 1442 1011 commemorare

310 1073 393 1130 quae
406 1058 498 1116 nobis
512 1057 727 1131 suppeditant,
743 1056 868 1130 quando
884 1057 1078 1131 quaerimus,
1092 1073 1132 1116 an
1145 1058 1263 1133 aliquid
1274 1059 1441 1117 mutatum

309 1163 353 1221 sit
389 1163 422 1221 in
458 1163 633 1237 exemplari
667 1179 712 1237 gr.
749 1164 787 1222 ab
825 1164 955 1223 auctore
988 1163 1098 1238 latino,
1135 1164 1246 1223 deinde
1280 1166 1441 1238 quatenus

309 1271 449 1329 mutatio
471 1270 593 1344 pateat.

348 1377 411 1435 Vix
427 1378 477 1436 est
495 1377 578 1450 quod
590 1377 695 1436 dicam
706 1377 901 1450 gravissima
912 1392 984 1436 esse
995 1392 1040 1452 ea,
1054 1392 1136 1450 quae
1147 1378 1306 1436 ducuntur
1318 1394 1335 1437 e
1340 1380 1414 1452 prol
1431 1409 1441 1419 ·

308 1484 374 1557 pia·
401 1486 515 1559 poetae
535 1485 622 1542 enim
642 1484 743 1558 ipsius
763 1485 862 1542 verba
883 1486 968 1559 sunt,
990 1500 1054 1544 non
1066 1485 1260 1544 scholiastae
1271 1485 1438 1545 cuiusdam

308 1593 503 1650 commenta.
531 1592 631 1664 Atqui
660 1606 725 1651 non
745 1591 863 1664 ubique
884 1590 980 1650 fidem
1001 1592 1166 1650 merentur
1187 1606 1270 1664 quae
1290 1593 1386 1666 poeta
1407 1593 1439 1652 in

307 1698 436 1771 prologo
455 1698 690 1771 spectatoribus
702 1698 839 1770 enarrat,
852 1698 928 1770 quia
939 1698 1067 1772 prologo
1079 1699 1111 1757 in
1123 1699 1207 1757 huno
1218 1697 1316 1758 finem
1328 1700 1438 1773 utitur,

307 1805 344 1862 ut
365 1805 569 1864 inimicorum
591 1805 833 1864 criminationes
854 1803 994 1878 repellat,
1017 1805 1086 1878 ipse
1106 1805 1251 1864 vicissim
1273 1805 1439 1878 eospetat.

308 1911 461 1984 Prologus
481 1911 579 1984 igitur
600 1925 734 1969 causam
757 1911 870 1970 orabat
891 1912 1014 1985 poetae.
1035 1911 1115 1970 Vide
1138 1912 1255 1972 Heaut.
1276 1928 1307 1972 v.
1331 1913 1387 1973 10:

347 2018 515 2077 Oratorem
536 2032 608 2076 esse
629 2016 732 2076 voluit
753 2033 815 2091 me,
838 2033 902 2077 non
924 2017 1107 2091 prologum:

349 2123 501 2184 Vostrum
522 2124 676 2182 iudicium
698 2124 788 2184 fecit:
811 2138 865 2182 me
889 2124 1031 2182 actorem
1053 2124 1148 2183 dedit.

347 2230 443 2290 Plura
470 2231 570 2289 etiarn
598 2232 751 2305 praebent
778 2231 900 2290 scholia
928 2231 1109 2290 Doadtlcna
1138 2231 1283 2290 diversae
1309 2231 1439 2304 originis

307 2337 486 2410 diversique
512 2338 614 2411 pretii.
642 2337 698 2395 Vir
725 2337 778 2395 ille
801 2337 885 2395 vixit
906 2337 1034 2396 saeculo
1056 2338 1171 2409 quarto
1193 2351 1287 2396 aerae
1308 2338 1439 2396 nostrae

307 2446 404 2517 atque
441 2444 581 2520 primurn
615 2444 830 2518 grammatici,
867 2444 977 2503 deinde
1012 2444 1148 2503 oratoris
1182 2443 1279 2503 Urbis
1314 2445 1438 2503 Romae

305 2566 439 2610 munere
460 2551 589 2609 functus
611 2553 670 2610 est.
697 2551 790 2611 Unde
810 2567 874 2611 non
896 2553 1052 2610 miramur
1073 2551 1322 2610 subtilissimam
1341 2553 1438 2610 scien·

304 2661 387 2719 tiam
411 2661 541 2734 linguae
559 2661 688 2734 latinae,
711 2677 794 2735 quae
813 2660 938 2735 passim
959 2660 1100 2734 apparet.

345 2769 452 2841 Longe
489 2768 600 2826 tamen
640 2769 743 2842 abest,
775 2770 811 2826 ut
842 2767 961 2840 omnia,
994 2782 1077 2839 quae
1107 2766 1201 2826 hodie
1231 2767 1291 2825 sub
1320 2767 1437 2827 Donati

304 2875 434 2933 nomine
464 2875 740 2949 circumferuntur,
774 2876 813 2933 ab
845 2875 946 2947 ipsius
977 2888 1077 2933 manu
1106 2873 1248 2946 prosecta
1277 2873 1352 2934 sint.
1375 2874 1436 2933 Sed

305 2995 502 3053 quamquam
551 2980 740 3039 iamdudum
784 2981 900 3039 notum
946 2981 1014 3039 erat
1055 2981 1230 3054 genuinum
1272 2981 1436 3040 Donatum

305 3087 496 3159 saepissime
511 3087 741 3160 interpolatum
760 3102 840 3161 esse,
859 3088 948 3146 hisce
965 3088 1097 3146 demum
1116 3087 1209 3146 annis
1222 3086 1437 3147 Sobbddr'nr'us

303 3194 351 3252 ita
378 3194 601 3266 quaestionem
629 3195 792 3268 tractavit,
822 3196 858 3253 ut
887 3194 927 3254 ad
953 3194 1078 3252 certum
1100 3195 1225 3252 exitum
1247 3195 1435 3268 perveniret.

303 3300 556 3374 Diligentissima
569 3300 698 3359 scholiis
714 3301 861 3359 excussis
878 3301 962 3360 inter
975 3315 1074 3373 seque
1092 3301 1288 3374 comparatis
1303 3315 1435 3360 normas

303 3407 494 3480 regulasque
527 3407 643 3481 posuit,
672 3408 787 3480 quibus
815 3407 1029 3482 compluriens
1063 3407 1246 3467 Donatiana
1275 3408 1313 3466 ab
1342 3407 1436 3467 inter·

303 3514 420 3588 polatis
443 3514 586 3588 dignosci
612 3516 757 3588 possunt.
787 3514 831 3574 cf.
861 3515 898 3574 R.
929 3514 1100 3573 Sabbadini
1122 3514 1171 3574 Gli
1193 3513 1283 3573 scolii
1303 3515 1382 3575 Don.
1404 3529 1433 3587 p.

304 3623 361 3680 377
389 3622 522 3696 passim.
545 3621 627 3680 Hinc
648 3622 810 3695 profectus
828 3621 858 3682 J.
880 3620 908 3680 J.
932 3621 1158 3681 Horticulanus
1179 3637 1209 3695 p.
1232 3621 1289 3680 113
1310 3620 1435 3680 invenit

302 3728 396 3786 iuxta
423 3728 540 3787 Donati
568 3729 838 3788 commentarium
860 3728 937 3787 olim
959 3728 1108 3786 extitisse
1126 3727 1435 3787 commentariorum

303 3835 432 3894 nucleos
462 3835 541 3894 duos
569 3836 725 3910 pluresve,
751 3836 903 3908 equibus
924 3835 984 3893 riri
1008 3835 1053 3893 illi
1074 3835 1251 3894 hauserunt
1272 3834 1435 3893 interdum

303 3943 357 4014 qui
380 3942 544 4001 Donatum
565 3943 740 4016 genuinum
762 3942 1022 4002 adnotationibus
1043 3942 1111 4000 suis
1133 3941 1303 4000 auxerunt.

342 4049 444 4108 Nemo
468 4065 532 4108 non
557 4050 643 4107 videt
664 4050 777 4122 quanti
798 4049 956 4108 momenti
976 4051 1038 4108 hae
1058 4048 1296 4121 disquisitiones
1317 4047 1383 4106 siut
1405 4047 1433 4104 si

301 4156 507 4214 iudicandum
528 4157 620 4216 nobis
642 4156 685 4214 sit
707 4157 746 4215 de
756 4155 825 4230 fide,
838 4171 936 4229 quam
948 4155 1091 4229 notitiae,
1104 4155 1164 4213 sub
1176 4153 1292 4213 Donati
1303 4153 1436 4214 nornine

302 4263 459 4338 servatae,
482 4265 676 4323 mereantur.
