3368 5046
820 541 859 600 95

273 743 357 804 mus,
369 727 495 802 propter
503 727 677 787 Charinum
685 727 842 800 dicuntur,
851 727 889 784 ut
897 726 1225 786 audiat.”Verisimile
1233 719 1407 788 admodum

271 836 321 894 est
342 836 401 894 has
423 849 537 894 scenas
558 833 698 892 defuisse
718 834 751 892 in
773 833 950 906 exemplari
974 833 1134 907 primario.
1157 834 1236 892 Vide
1252 834 1407 895 Dziatzko

270 959 299 1017 p.
332 943 400 1002 247.
435 941 589 1016 ,Absolut
622 941 828 1014 nothwendig
857 940 901 999 ist
935 939 986 998 idr
1009 941 1178 1000 Menander
1200 941 1287 1000 diese
1308 943 1408 1001 Scene

271 1048 478 1121 keinoewegs.
502 1048 559 1106 Die
581 1047 764 1121 Verlobung
785 1047 841 1105 des
863 1047 1049 1121 Pamphilus
1071 1048 1132 1106 mit
1154 1047 1336 1120 Glycerium
1350 1048 1408 1107 hat

272 1155 365 1213 unter
387 1154 578 1227 allseitigem
599 1153 881 1212 Einverstandniss
893 1152 1144 1228 stattgefunden,
1156 1155 1206 1213 die
1216 1170 1299 1214 neue
1308 1155 1408 1214 Braut

273 1261 332 1321 soll
353 1259 568 1334 heimgeiuhrt
589 1261 725 1335 werden,
748 1260 859 1318 Davus
870 1260 914 1318 ist
925 1261 1105 1335 begnadigt.
1127 1261 1170 1320 Es
1182 1261 1302 1321 konnte
1312 1262 1409 1321 daher

272 1368 466 1441 Menander,
488 1367 625 1426 welcher
644 1367 678 1425 in
699 1367 803 1427 seiher
824 1367 945 1426 Andria
966 1368 1054 1426 nicht
1075 1369 1157 1428 noch
1179 1368 1229 1427 fur
1251 1369 1311 1427 deu
1333 1367 1410 1428 Cha·

273 1475 361 1532 rinus
393 1489 433 1533 zu
465 1488 580 1547 sorgen
611 1473 712 1548 hatte,
745 1475 819 1532 sehr
851 1475 909 1547 gut
941 1475 1009 1533 sein
1039 1475 1139 1533 Stuck
1162 1490 1216 1533 arn
1237 1475 1325 1533 Ende
1345 1472 1409 1534 voh

273 1581 301 1639 V
332 1584 360 1641 4.
396 1581 456 1639 mit
482 1581 605 1654 einigen
626 1581 747 1639 Versen
770 1581 825 1639 des
847 1581 970 1654 freudig
990 1582 1200 1655 gestimmteu
1223 1581 1408 1654 Pamphilus

275 1687 481 1748 schliessen”.

313 1795 385 1852 lam
418 1794 518 1854 oritur
550 1794 705 1869 quaestio,
732 1796 841 1853 utrum
868 1809 982 1853 scenas
1004 1795 1084 1854 duas
1105 1795 1239 1854 ultimas
1261 1795 1409 1854 Terentio

274 1902 447 1960 debeamus
470 1915 511 1958 an
531 1901 693 1960 Menandri
716 1901 908 1961 Perinthiae.
931 1902 1092 1975 suspicari
1112 1901 1217 1975 possis
1240 1903 1336 1961 elii
1360 1903 1408 1975 35,

276 2008 450 2068 Charinum
460 2007 494 2065 in
507 2007 668 2066 Perinthia
680 2008 760 2066 bene
771 2009 887 2067 notum
899 2008 998 2067 trisse
1006 2009 1174 2083 Chremeti,
1182 2009 1216 2067 in
1223 2009 1410 2067 universum

274 2115 382 2188 partes
414 2114 482 2172 eius
516 2113 679 2186 aliquanto
712 2115 843 2174 maioris
866 2116 1023 2174 momenti
1045 2115 1145 2174 fuisse
1166 2115 1206 2176 ad
1227 2115 1411 2176 comoediae

276 2221 513 2295 argumentum.
555 2220 598 2278 At
630 2221 658 2278 si
690 2221 750 2280 hoc
781 2237 895 2280 verum
927 2222 985 2296 est,
1013 2223 1166 2295 sequatur
1186 2222 1260 2280 inde
1279 2235 1411 2281 necesse

276 2328 334 2401 est,
365 2327 399 2385 in
430 2327 636 2400 catastrophe
666 2329 788 2387 sortem
811 2329 937 2388 Charini
959 2343 1024 2388 non
1051 2329 1238 2402 pependisse
1263 2329 1370 2388 totam
1393 2343 1411 2388 e

276 2434 433 2507 Pamphili
455 2434 593 2508 arbitrio,
616 2434 653 2492 ut
674 2434 725 2494 hio
739 2433 807 2493 fieri
820 2435 977 2496 videmus.
992 2435 1106 2510 Quidni
1119 2436 1188 2509 ipse
1202 2434 1406 2496 Chremetem

274 2541 417 2615 rogabat,
439 2541 476 2598 ut
497 2538 597 2599 filiam
618 2541 679 2599 sibi
700 2556 836 2601 uxorem
857 2541 955 2614 daret,
972 2544 1145 2615 postquam
1160 2542 1289 2601 sublata
1303 2542 1405 2615 erant,

275 2661 358 2720 quae
378 2647 454 2706 ante
474 2647 524 2705 his
545 2647 665 2720 nuptiis
687 2648 884 2709 obstabant?
904 2649 956 2708 Ita
977 2650 1100 2708 sensim
1122 2663 1158 2709 eo
1179 2649 1354 2722 adduceris,
1371 2648 1408 2706 ut

277 2754 424 2813 Terentio
445 2753 507 2827 ipsi
529 2754 694 2813 adtribuas
716 2757 775 2815 has
798 2769 924 2816 scenas,

316 2860 493 2935 Quominus
533 2861 645 2920 tamen
688 2863 770 2920 hanc
809 2862 1021 2922 ratiocinandi
1055 2864 1145 2922 viam
1183 2858 1409 2936 ingrediamur,

276 2966 478 3040 impedimur,
511 2967 595 3040 quod
626 2983 742 3041 parum
773 2969 896 3028 scimus
928 2970 966 3028 de
997 2971 1178 3030 Perinthiae
1210 2969 1408 3043 argumento.

275 3071 395 3144 Utique
431 3074 600 3133 vitandum
640 3075 698 3148 est,
738 3090 778 3134 ne
816 3076 945 3136 scholiis
988 3078 1027 3136 ad
1065 3078 1093 3133 V
1114 3079 1183 3138 5.3
1215 3078 1247 3136 et
1269 3076 1346 3137 Vd.
1369 3077 1409 3134 13

277 3179 451 3251 quicquam
472 3181 609 3240 tribuas,
682 3207 685 3216 ¹

317 3285 409 3344 Prius
435 3317 464 3324 -
492 3287 602 3361 ,Hanc
632 3289 830 3348 sententiam
860 3291 968 3350 totam
999 3292 1161 3351 Menandri
1194 3291 1232 3350 de
1255 3291 1409 3349 Eunucho

277 3391 455 3453 transtulit.
497 3394 536 3452 Et
568 3395 628 3454 hoc
660 3396 710 3453 est
742 3397 826 3468 quod
858 3397 979 3456 dicitur
993 3399 1205 3458 contaminari
1224 3413 1286 3456 noo
1307 3397 1411 3456 decere

274 3495 433 3570 scdulos”.
460 3529 489 3539 -
515 3502 624 3560 ortum
645 3502 722 3560 mihi
746 3517 818 3562 esse
839 3505 966 3563 videtur
987 3520 1005 3562 e
1025 3505 1141 3578 studio,
1164 3519 1226 3578 quo
1237 3503 1410 3562 tenebatur
1535 3507 1538 3517 ’

278 3603 453 3665 scholiasta
468 3608 651 3667 ostentandi
666 3609 855 3671 doctrinam.
875 3611 956 3670 Cum
970 3611 1111 3671 similem
1124 3610 1232 3669 locum
1245 3610 1409 3669 invenisse

278 3709 339 3768 sibi
360 3711 450 3770 visus
482 3715 567 3772 esset
589 3715 621 3773 in
642 3716 805 3790 Eunucho,
838 3719 1022 3791 suspicatus
1044 3719 1103 3791 est,
1125 3717 1198 3776 inde
1219 3718 1410 3776 mutuatum

205 3813 207 3818 ’
279 3829 350 3873 esse
382 3816 578 3882 Terentium.
620 3823 664 3880 At
695 3823 817 3896 optime
848 3822 916 3882 fieri
947 3826 1060 3899 potuit,
1083 3826 1119 3883 ut
1140 3825 1191 3884 hic
1212 3824 1302 3884 locus
1325 3825 1411 3883 esset

277 3921 310 3981 in
342 3924 513 3999 Perinthia,
546 3928 607 3985 etsi
638 3929 814 3988 scholiasta
845 3931 980 4005 ignorat,
1014 3932 1129 4005 quippe
1159 3932 1214 4004 qui
1246 3930 1411 4005 exemplar

277 4027 409 4088 tanturn
430 4031 619 4104 primarium
640 4036 783 4109 usurpet.
825 4037 919 4096 Errat
939 4038 1037 4111 igitur
1059 4037 1230 4098 Nepotatus
1251 4054 1280 4111 p.
1302 4039 1409 4110 43-4,

278 4147 352 4193 cum
384 4134 473 4196 Ihaio
504 4139 703 4216 obloquatur,
733 4143 787 4215 qui
808 4159 837 4217 p.
859 4145 878 4202 6
899 4145 957 4203 not
978 4146 996 4203 3
1018 4145 1065 4203 ita
1086 4145 1147 4204 hac
1169 4145 1208 4204 de
1228 4160 1262 4203 re
1281 4144 1410 4204 locutus

277 4240 361 4302 erat:
395 4243 489 4317 ,talis
510 4247 560 4304 est
581 4247 636 4306 illa
657 4250 830 4324 sententia,
855 4252 890 4309 ut
912 4266 976 4310 non
998 4252 1098 4310 semel
1119 4252 1151 4312 in
1170 4253 1332 4326 Eunucho,
1355 4251 1411 4310 sed
