3386 5046
813 521 850 578 19

304 705 471 764 Sententia
511 720 586 764 mea
621 706 660 763 de
698 706 897 780 quaestione,
936 706 968 765 in
1001 722 1065 780 qua
1103 722 1188 766 nunc
1220 723 1399 783 versamur,

263 812 426 886 proposita
448 812 595 886 deinceps
617 813 797 886 recensebo,
821 827 904 885 quae
926 813 965 871 ab
988 813 1059 872 aliis
1078 814 1111 872 in
1126 814 1288 875 diversam
1303 816 1402 889 atque

264 919 342 979 adeo
360 919 557 979 contrariam
578 920 705 994 partem
728 919 893 993 disputata
912 920 999 980 suut.

303 1026 449 1084 Primum
478 1025 680 1100 Lessinpium
708 1027 850 1099 nomino,
877 1026 931 1099 qui
953 1026 986 1086 P.
1011 1027 1128 1084 Nannii
1153 1027 1337 1087 coniectura
1362 1028 1400 1087 de

263 1132 381 1191 Donati
402 1131 523 1191 scholio
546 1131 586 1190 ad
608 1132 638 1190 Π
660 1134 689 1192 4.
714 1133 751 1190 10
772 1133 916 1206 probata,
939 1133 1048 1192 totum
1064 1135 1174 1192 actum
1189 1135 1400 1194 secundume

262 1238 386 1312 Diphilo
401 1239 557 1298 haustum
573 1253 644 1297 esse
658 1239 762 1312 putat.
781 1239 1071 1312 Hanoopinionem
1087 1240 1217 1300 omnino
1233 1241 1321 1300 stare
1334 1257 1399 1301 non

262 1359 358 1418 posse
378 1360 476 1418 supra
496 1345 647 1419 vidimus,
671 1361 745 1404 cum
768 1347 952 1405 coniectura
973 1346 1028 1404 illa
1048 1362 1179 1420 prorsus
1200 1347 1323 1407 incerta
1344 1349 1397 1408 sit.

262 1451 381 1510 Deinde
408 1453 518 1511 autem
547 1452 587 1510 de
616 1452 793 1526 exemplari
818 1453 1008 1512 Menandreo
1029 1455 1107 1512 haec
1128 1454 1245 1514 habet:
1278 1455 1397 1515 Hamb.

261 1559 370 1619 Dram.
390 1573 464 1632 pars
482 1560 603 1619 XCIX:
625 1559 755 1633 ,Indess
766 1575 859 1618 muss
868 1559 997 1633 ireilich,
1008 1561 1134 1619 anstatt
1143 1560 1314 1620 dieservon
1324 1561 1397 1620 dem

260 1665 404 1738 Diphilus
427 1665 612 1725 entlehnten
633 1666 847 1740 lintiiihrung,
869 1667 901 1724 in
921 1667 993 1726 dem
1011 1667 1130 1726 Stiicke
1142 1667 1197 1726 des
1208 1668 1396 1727 Menanders

261 1772 330 1830 eine
352 1773 468 1831 andere
489 1773 633 1846 intrigue
653 1788 802 1846 gewesen
824 1774 901 1846 sein,
926 1789 966 1832 an
989 1773 1043 1832 der
1064 1775 1243 1833 Aeschinus
1258 1775 1396 1848 gleicher

260 1879 369 1938 Weiss
390 1880 451 1946 ¹fiir
478 1879 537 1938 den
560 1880 709 1954 Ctesipho
731 1879 861 1939 Antheil
882 1881 991 1954 nahm,
1015 1881 1079 1938 und
1101 1882 1252 1940 wodurch
1274 1897 1308 1940 er
1328 1883 1396 1941 sich

259 1985 310 2044 bei
338 1987 442 2045 seiher
470 1987 633 2046 Geliebten
661 1987 694 2046 in
724 1987 803 2045 eben
830 1987 890 2044 den
918 1987 1077 2049 Verdaoht
1103 1988 1243 2062 brachie,
1266 1989 1320 2046 der
1341 2005 1394 2048 am

259 2093 346 2151 Ende
366 2094 435 2152 ihre
454 2093 661 2166 Verbindung
681 2109 717 2152 so
739 2093 899 2167 glucklich
916 2093 1165 2168 beschleunigte.
1187 2095 1396 2154 Worindiese

259 2199 430 2272 eigentlich
451 2200 637 2273 bestanden,
661 2200 767 2258 diuite
788 2202 913 2259 schwer
934 2216 973 2258 zu
996 2203 1145 2260 errathen
1161 2203 1239 2262 sein.
1256 2204 1308 2262 Sie
1319 2219 1396 2277 mag

259 2306 335 2364 aber
355 2307 532 2366 bestanden
554 2308 668 2381 haben,
691 2308 792 2366 worin
815 2307 862 2365 sie
883 2307 957 2382 will,
980 2323 1016 2368 so
1032 2309 1111 2366 wird
1125 2309 1173 2367 sie
1187 2309 1266 2368 doch
1277 2311 1394 2383 gewiss

258 2413 338 2471 eben
359 2413 482 2472 sowohl
504 2412 606 2486 gleich
627 2429 686 2473 vor
712 2414 785 2473 dem
811 2415 931 2473 Stucke
950 2416 1230 2488 vorhergegangen
1252 2417 1329 2490 sein,
1346 2417 1394 2474 als

258 2519 308 2576 die
328 2535 392 2579 von
415 2520 535 2579 Terenz
558 2520 650 2578 dasiir
671 2521 867 2594 gebrauchte
887 2521 1100 2595 Dntii'rhrung.
1132 2523 1219 2580 Denn
1244 2524 1326 2581 auch
1347 2524 1394 2582 sie

259 2641 350 2684 muss
380 2641 414 2684 es
444 2641 592 2700 gewesen
614 2628 691 2701 sein,
714 2642 830 2688 wovon
852 2643 930 2686 maa
951 2629 1034 2687 noch
1056 2628 1176 2687 uberali
1198 2631 1321 2703 sprach,
1345 2630 1392 2688 als

258 2733 378 2791 Demea
392 2734 425 2792 in
440 2734 490 2792 die
504 2734 598 2792 Stadt
615 2734 708 2807 kam3
722 2736 804 2793 auch
819 2735 866 2792 sie
880 2749 972 2794 muss
987 2734 1037 2794 die
1048 2735 1252 2808 Gelegenheit
1263 2736 1328 2794 und
1339 2736 1393 2794 der

259 2839 344 2899 Stoff
360 2855 507 2914 gewesen
530 2842 598 2899 sein
619 2842 767 2900 woriiber
784 2843 904 2900 Demea
918 2841 1020 2915 gleich
1034 2842 1179 2915 Anfangs
1194 2844 1255 2900 mit
1269 2843 1392 2902 seinem

257 2946 377 3005 Bruder
409 2948 469 3007 den
502 2949 600 3006 Streit
632 2949 773 3021 beginnt,
795 2949 828 3007 in
851 2949 1006 3008 welchem
1028 2949 1097 3008 sich
1119 2950 1224 3008 beider
1245 2951 1393 3009 Gemuts-

257 3054 349 3112 arten
386 3069 423 3113 so
454 3053 646 3114 vortreiilich
678 3055 899 3115 entwickeln'’.
941 3056 1029 3141 Quae
1059 3072 1173 3129 parum
1205 3057 1392 3116 verisimilia

257 3173 328 3218 esse
354 3161 422 3218 iam
450 3160 733 3222 heraclitarum.
756 3163 788 3220 et
811 3162 889 3222 Phil.
912 3163 990 3222 Reli.
1012 3179 1054 3236 pg
1076 3165 1112 3234 1.)
1136 3165 1290 3236 ostendit;
1312 3180 1391 3223 nam

254 3267 380 3339 puellae
393 3268 497 3340 raptio
512 3269 596 3326 tanti
611 3270 770 3328 momenti
785 3270 835 3326 est
848 3269 887 3328 ad
899 3271 1000 3328 totius
1013 3270 1140 3329 fabulae
1151 3273 1389 3344 argumentum,

257 3374 293 3431 ut
316 3375 468 3447 exempta
489 3376 550 3434 hac
571 3390 673 3448 paene
695 3376 797 3434 altera
818 3377 984 3436 comoedia
1006 3378 1168 3437 existeret.

295 3480 416 3539 Demea
444 3481 539 3555 enim,
563 3482 654 3540 cuius
676 3484 785 3556 partes
808 3483 921 3542 tantae
942 3484 1027 3557 sunt,
1049 3482 1184 3543 fiduciae
1205 3485 1316 3557 plenus
1339 3485 1388 3542 est

254 3588 353 3659 atque
372 3587 526 3646 instituta
547 3603 608 3647 sua
629 3589 723 3648 unice
743 3605 820 3648 vera
843 3604 915 3648 esse
936 3591 997 3649 sibi
1018 3592 1187 3664 persuasit,
1204 3591 1280 3648 dum
1294 3592 1389 3664 putat

255 3693 452 3752 Aeschinum
474 3707 534 3753 sua
555 3695 657 3768 ipsius
679 3696 783 3768 gratia
798 3697 943 3770 rapuisse
957 3696 1106 3770 puellam.
1128 3699 1164 3755 In
1180 3696 1242 3755 fine
1256 3698 1388 3756 demum

256 3798 383 3858 fabulae
411 3801 596 3859 constantia
625 3802 693 3859 eius
715 3802 939 3876 labefactatur,
963 3818 1038 3861 cum
1060 3804 1236 3876 comperiat
1257 3805 1387 3876 raptum

252 3919 365 3964 revera
386 3889 606 3980 perpetratum
628 3923 700 3966 esse
721 3909 921 3982 Ctesiphonis
943 3907 998 3967 filii
1013 3925 1112 3968 causa
1127 3925 1222 3982 quem
1236 3911 1386 3969 iuvenem

254 4012 374 4071 bonum
400 4014 497 4086 atque
522 4013 678 4088 frugalem
708 4016 865 4075 credebat.
908 4018 995 4091 Quae
1023 4017 1133 4075 autem
1155 4032 1254 4076 causa
1275 4032 1386 4075 senem

252 4118 402 4177 inducere
432 4121 568 4195 poterat,
601 4124 636 4179 ut
670 4138 776 4182 mores
806 4124 957 4197 mutaret,
986 4124 1048 4182 nisi
1077 4124 1159 4196 quod
1187 4124 1384 4197 intelligebat

255 4239 380 4284 errasse
401 4241 437 4284 se
458 4228 496 4285 de
517 4226 590 4303 lilio,
613 4229 664 4288 cui
686 4230 782 4288 errori
805 4245 919 4288 ansam
942 4231 1131 4303 praebuerat
1149 4231 1276 4304 raptio?
1297 4231 1384 4305 Quod
