3368 5046
827 493 885 554 113

290 681 485 743 oeconomia
498 682 611 741 tamen
624 681 656 740 id
670 679 738 740 fleri
752 681 896 754 vetabat,
912 681 996 754 quod
1012 681 1151 755 alioquin
1166 681 1329 756 probabile
1343 684 1422 743 erat.

331 790 434 862 Supra
463 805 493 862 p.
522 790 562 848 84
591 788 660 847 iam
691 787 830 847 breviter
860 787 962 862 tetigi,
994 803 1078 860 quae
1108 788 1259 849 molestia
1289 788 1368 848 insit
1389 790 1422 848 in

289 895 421 968 Byrriae
450 895 633 970 praesentia
664 895 785 955 11412.
826 895 912 954 Nam
932 910 964 954 1.
986 896 1046 954 336
1081 895 1221 969 abigitur
1243 896 1421 971 adomim,

289 1002 343 1076 qui
373 1003 443 1076 ipse
474 1018 504 1060 v.
537 1003 596 1061 374
627 1001 696 1060 abit
739 1001 776 1060 ut
808 1001 987 1061 Chremetis
1020 1001 1142 1061 amicos
1174 1003 1252 1076 oret,
1289 1004 1423 1063 ambiat.

292 1109 541 1182 subobscurum,
583 1108 710 1181 quando
753 1107 902 1167 dominus
938 1108 966 1166 ei
1000 1095 1158 1181 imperare
1198 1110 1347 1185 potuerit,
1386 1111 1424 1169 ut

291 1215 496 1289 Pamphilum
527 1215 723 1299 observaret.
755 1214 893 1274 Gravius
926 1215 1035 1288 etiam,
1065 1214 1148 1288 quod
1169 1215 1302 1288 Byrriae
1322 1216 1424 1277 solilo-

290 1322 402 1396 quium
434 1322 548 1395 aptum
579 1337 644 1382 non
675 1322 726 1380 est
756 1337 787 1382 v.
809 1323 878 1381 425.
911 1321 1021 1397 Quivis
1052 1321 1138 1380 videt
1171 1323 1323 1383 continuo
1353 1338 1426 1382 sese

291 1429 439 1502 excipere
454 1409 490 1490 1.
511 1430 581 1488 424.

391 1535 432 1594 Si.
455 1536 470 1594 Ι
491 1534 644 1594 nunciam
666 1535 760 1609 intro,
783 1535 876 1593 1111
897 1549 999 1609 mora,
1023 1550 1121 1608 quom
1143 1551 1223 1609 opus
1245 1535 1297 1610 111,
1320 1536 1394 1594 sies.

392 1642 446 1701 Pa.
467 1642 522 1701 Eo.

292 1749 376 1808 etv,
398 1749 467 1809 432.

389 1856 447 1915 Da.
469 1855 537 1914 Hic·
551 1870 636 1914 nunc
657 1869 712 1914 me
732 1855 831 1914 credit
853 1854 1003 1927 aliquam.
1018 1855 1079 1913 sibi
1100 1854 1264 1914 fallaciam

471 1963 603 2022 Portare
624 1963 656 2021 et
678 1977 717 2021 ea
737 1976 792 2020 me
812 1961 864 2021 hic
885 1961 1047 2020 restitisse
1066 1962 1181 2036 gratia.

330 2068 471 2127 Dubium
503 2083 575 2128 1111
604 2084 668 2128 111
689 2069 807 2142 potest,
839 2068 913 2141 quin
945 2069 1024 2127 haec
1054 2069 1125 2128 orta
1145 2069 1211 2127 sint
1234 2084 1251 2127 e
1272 2069 1426 2129 contami·

290 2175 430 2236 natione.
463 2177 500 2234 In
533 2176 695 2234 Perinthia
723 2176 809 2235 enim
837 2176 921 2234 inter
952 2175 1422 2251 11111111111111111111,
1491 2169 1494 2176 '

291 2281 323 2340 in
345 2297 410 2354 qua
430 2281 587 2342 Charinus
608 2281 756 2341 ministro
778 2281 855 2341 illud
875 2281 1057 2356 imperaret,
1079 2281 1254 2340 verisimile
1275 2283 1334 2342 est.

333 2388 500 2462 Temporis
520 2388 602 2448 ratio
621 2388 780 2448 claudicat
793 2389 826 2447 11
841 2389 888 2446 ΙΙΙ
904 2390 931 2463 1,
947 2389 1001 2447 ubi
1016 2389 1131 2448 Lesbia
1145 2389 1304 2449 obstetrix
1319 2404 1350 2448 v,
1365 2390 1423 2448 467

293 2494 429 2567 Glycerii
450 2495 583 2555 domum
603 2496 705 2554 intrat
727 2496 824 2569 atque
844 2511 874 2555 v,
890 2497 946 2554 lar
967 2495 1069 2555 officio
1083 2496 1251 2568 perfuncta
1263 2495 1331 2554 iam
1347 2495 1423 2555 abit.

292 2602 433 2661 Fabulae
459 2617 535 2661 vero
563 2603 750 2662 oeconomia
777 2602 985 2661 intervallum
1012 2603 1083 2660 tam
1111 2602 1207 2660 breve
1228 2617 1299 2660 esse
1320 2617 1425 2674 prope

292 2708 426 2768 modum
467 2709 621 2783 postulat,
657 2709 694 2766 ut
729 2709 844 2768 Lesbia
878 2709 984 2767 verbis
1019 2709 1088 2766 suis
1124 2724 1240 2768 ansam
1274 2708 1425 2782 praebeat

293 2817 434 2875 Simonis
455 2817 646 2876 coniecturis
669 2819 767 2890 atque
787 2816 1032 2890 suspicionibus

333 2923 417 2982 Item
438 2923 645 2983 oeconomiae
666 2939 765 2982 causa
787 2925 911 2983 iactum
934 2924 992 2997 est,
1026 2923 1062 2980 ut
1083 2922 1111 2978 V
1141 2922 1157 2980 1
1181 2921 1313 2980 demum
1335 2922 1424 2980 Simo

294 3029 496 3089 Chremetem
519 3031 650 3090 edoceat
672 3031 710 3088 de
730 3045 826 3104 puero
848 3030 1064 3104 suppositicio,
1087 3029 1170 3102 quod
1191 3029 1295 3088 multo
1310 3029 1426 3088 melius

294 3136 423 3195 iecisset
438 3138 486 3195 III
507 3139 534 3211 3,
558 3153 620 3210 quo
641 3138 787 3211 tempore
800 3137 1063 3197 muliercularum
1078 3136 1211 3195 insidias
1224 3137 1292 3195 iam
1307 3137 1428 3210 optime

293 3243 354 3301 sibi
384 3243 587 3317 perspexisse
617 3244 787 3304 rideretur.
820 3244 950 3304 Etenim
982 3244 1010 3302 11
1040 3243 1093 3303 illo
1127 3244 1318 3317 argumento
1349 3243 1428 3302 tunc

293 3365 372 3408 usus
395 3352 490 3426 esset,
521 3350 615 3424 longe
646 3351 772 3410 facilius
803 3350 1019 3424 persuasisset
1046 3349 1216 3423 Chremeti,
1239 3349 1426 3408 inimicitias

294 3472 366 3515 esse
385 3458 469 3516 inter
490 3456 593 3517 filium
615 3458 647 3516 et
670 3458 820 3518 amicam.
841 3457 921 3516 Vide
934 3473 965 3516 v.
981 3459 1040 3516 550
1054 3471 1122 3530 sqq.
1146 3457 1230 3515 Turn
1245 3471 1322 3514 vero
1336 3455 1426 3515 locus

294 3564 381 3622 esset
401 3564 508 3624 nullus
529 3565 611 3624 Davi
632 3564 704 3625 dolo
724 3565 757 3622 in
779 3565 823 3622 IV
843 3567 872 3624 4.

333 3671 379 3731 Ut
409 3673 550 3732 rationes
581 3687 673 3732 meas
704 3671 902 3746 concludam,
935 3672 1013 3747 puto
1042 3686 1082 3729 ex
1110 3670 1159 3744 111,
1179 3684 1262 3742 quae
1283 3669 1425 3743 disserui,
1491 3748 1492 3751 Ἴ

295 3778 397 3838 evinci
407 3779 440 3838 in
451 3779 501 3837 his
514 3779 630 3839 iabulis
641 3779 818 3851 compluria
828 3779 942 3852 inesse,
951 3778 1069 3851 quaesi
1078 3777 1227 3836 accurate
1235 3776 1427 3850 consideras,

294 3885 400 3944 hiulca
422 3886 454 3944 et
474 3901 589 3959 parum
601 3887 687 3944 recte
697 3885 849 3944 instituta
860 3899 932 3942 esse
941 3885 1098 3944 ridentur.
1121 3884 1199 3944 0111
1210 3899 1282 3942 esse
1292 3884 1427 3957 possunt

294 3992 365 4050 tam
393 4007 410 4050 e
430 3992 544 4066 poetae
564 3992 765 4066 negligentia,
788 4007 887 4064 quam
909 4006 950 4049 ex
972 4005 1018 4064 11,
1040 3990 1125 4063 quod
1145 4005 1253 4048 rerum
1275 3990 1427 4048 decursus

295 4098 329 4156 in
351 4098 459 4157 iabula
478 4099 559 4158 talia
580 4100 702 4158 evitare
715 4114 779 4158 non
790 4099 876 4156 sinit.
897 4098 968 4156 Mea
978 4098 1107 4171 quidem
1118 4097 1279 4156 sententia
1290 4096 1428 4167 dubitari

296 4204 352 4263 vix
383 4206 499 4280 potest,
532 4207 608 4279 quin
639 4207 713 4265 huic
744 4221 862 4265 1111111
886 4204 980 4278 longe
999 4205 1103 4264 maior
1123 4219 1197 4278 pars
1220 4203 1428 4262 adtribuenda
