3368 5046
820 560 860 618 63

766 797 875 858 Cleua
898 799 925 857 7.

373 972 420 1029 Du
441 984 649 1028 rancunurrs
671 983 809 1027 carneis
832 983 877 1026 An
898 969 1072 1026 Ananeuos
1094 983 1304 1028 1111611116.

317 1247 493 1322 Supersunt
532 1241 615 1319 apud
654 1245 825 1318 scriptores
857 1259 989 1318 graecos
1022 1243 1204 1317 fragmenta
1235 1243 1412 1318 compluria

276 1354 443 1414 Menandri
468 1353 675 1426 aliorumque,
706 1352 762 1410 sed
789 1351 918 1426 saepius
945 1366 1010 1410 non
1037 1352 1086 1409 est
1116 1351 1260 1410 additum
1285 1351 1414 1410 fabulae

277 1476 394 1520 nomen
416 1460 500 1518 unde
520 1459 682 1519 fluxerint.
704 1459 832 1534 Quanta
853 1458 1021 1532 prudentia
1043 1459 1086 1517 sit
1108 1459 1268 1532 agendum
1289 1459 1322 1516 in
1342 1457 1412 1518 loco

278 1569 365 1628 certo
396 1567 454 1626 tali
486 1567 667 1640 fragmento
700 1566 905 1639 adsignando,
938 1581 1017 1625 mox
1041 1565 1213 1640 apparebit,
1236 1580 1311 1623 cum
1332 1565 1414 1624 vide

278 1675 385 1733 bimus
417 1674 528 1733 doctos
559 1674 592 1732 in
625 1674 768 1732 diversas
800 1673 978 1731 sententias
1008 1673 1126 1731 abiisse
1147 1673 1185 1731 de
1206 1687 1270 1731 uno
1292 1672 1415 1731 eodem·

279 1797 340 1855 que
371 1782 562 1854 fragmento.
594 1781 666 1839 Huc
699 1780 829 1852 accedit,
863 1780 947 1852 quod
978 1780 1060 1838 duae
1088 1778 1216 1838 fabulae
1237 1779 1414 1837 extiterunt

278 1889 495 1962 Adelphorum
516 1887 621 1947 titulo.
644 1887 785 1946 Priorem
808 1887 943 1945 Plautus
963 1886 1062 1944 vertit
1087 1887 1119 1944 in
1143 1887 1261 1959 Sticho,
1278 1886 1415 1944 alteram

279 1995 395 2055 Noster
422 1996 455 2054 in
483 1995 543 2053 hac
570 1993 688 2067 fabula,
718 1993 866 2066 quocirca
894 1994 1024 2052 etiamsi
1045 2009 1163 2054 nomen
1188 1993 1316 2052 fabulae
1337 1993 1416 2066 frag·

281 2103 391 2161 mento
420 2102 565 2160 additum
594 2102 653 2174 est,
681 2101 843 2159 interdum
865 2101 921 2158 vix
943 2101 1085 2174 dignosci
1106 2101 1222 2174 potest,
1246 2100 1286 2159 ad
1307 2101 1416 2158 utram

282 2209 426 2267 fabulam
455 2208 676 2281 fragmentum
697 2208 856 2280 pertineat
869 2204 899 2278 ¹).
922 2208 1092 2266 Praeterea
1113 2208 1258 2266 Donatus
1281 2207 1332 2266 hic
1352 2206 1417 2264 illic

282 2316 424 2374 servavit
445 2329 561 2388 graeca
582 2314 750 2388 quaedam,
774 2314 962 2388 plerumque
982 2315 1164 2373 miserrime
1184 2315 1343 2387 corrupta.

322 2422 565 2494 Recognoscam
586 2435 670 2479 nunc
692 2421 819 2494 singula
840 2421 1031 2496 fragmenta,
1053 2420 1198 2480 Meineirio‘
1218 2435 1370 2479 numeros
1383 2420 1417 2479 in

284 2528 330 2588 ed.
362 2528 485 2586 maiore
516 2528 647 2585 secutus
680 2527 778 2600 atque
809 2527 991 2602 enucleabo,
1024 2529 1183 2602 quantum
1211 2525 1277 2586 fieri
1299 2528 1414 2602 potest,

283 2651 346 2708 quo
367 2634 530 2692 referenda
551 2634 626 2694 sint.

322 2741 381 2801 Ad.
403 2742 427 2800 l.
451 2743 478 2800 l.
501 2738 575 2815 18s9
807 2742 857 2799 Mi.
882 2742 970 2817 Quod
991 2742 1193 2801 fortunatum
1214 2742 1270 2800 isti
1291 2742 1416 2815 putant,

624 2849 768 2907 Uxorem
789 2863 956 2921 nunquam
977 2849 1084 2908 habui.

324 2956 469 3014 Donatus
513 2955 661 3014 adnotat:
700 2955 858 3028 ,Romani
890 2955 1021 3030 scilicet,
1055 2957 1109 3029 qui
1141 2957 1295 3017 coelibem
1327 2957 1419 3031 quasi

285 3061 432 3120 coelitem
460 3061 579 3120 dicunt.
607 3061 647 3118 llt
675 3061 755 3118 item
785 3061 905 3134 Graeci,
932 3063 1015 3135 apud
1037 3078 1117 3136 quos
1139 3066 1215 3122 sunt
1236 3064 1420 3124 huiusmodi

286 3168 482 3228 sententiae:
503 3172 625 3228 ΕΤΤΛ
649 3171 1139 3230 ΦΙΛΟΣΕΧΟΙΝΟΝΙΩΝΠΩ
1155 3175 1417 3232 ΛΟΤΜΕΝΟΝ.

285 3272 993 3334 9161111.ΓΛΜΕΙΠΛΜΦΙΛΟΣΓΛΜΕΤΤ
1018 3281 1417 3337 ΩκΛΤΛΡΙΛΝΛΙΚΝΣ

286 3383 421 3440 ΕΝΜΕ.
432 3379 546 3436 -Dicit
558 3379 668 3448 autem
681 3379 837 3437 Romanis
849 3380 880 3437 id
892 3380 999 3454 videri,
1013 3397 1092 3454 quos
1105 3383 1302 3455 spectatores
1314 3384 1420 3443 habet.

287 3484 466 3544 Menander.
493 3489 1421 3550 ΤΩΜΛΝΚΛΡΤΛΝΜΤΓΙΝΕΚΛΟΡΛΜΒΛΝΩ”.

282 3589 448 3649 omittam
465 3590 533 3649 iam
551 3591 729 3650 sententias
748 3591 827 3650 duas
845 3593 965 3666 priores
983 3610 1064 3666 quas
1082 3595 1296 3667 perincertum
1315 3595 1364 3652 est
1383 3595 1422 3653 ad

304 3753 324 3819 1)
351 3755 412 3811 'Fa
432 3756 567 3812 Scaenae
586 3756 683 3811 Fleok.
702 3757 834 3813 Annales
852 3759 908 3815 Vol
928 3760 979 3814 119
997 3775 1025 3828 p.
1044 3761 1079 3814 45
1098 3760 1154 3815 hoc
1170 3757 1320 3829 probabile
1336 3761 1424 3816 reddi-

287 3845 329 3899 dit
347 3844 393 3899 his
414 3846 603 3912 argumentis
636 3843 674 3900 10.
697 3845 845 3902 Scholium
871 3849 918 3903 est
943 3851 976 3903 ad
998 3849 1150 3906 Platonem
1168 3864 1195 3917 p.
1215 3850 1268 3904 319
1287 3850 1357 3918 ΒΚ,
1376 3852 1426 3906 ubi

288 3926 552 3980 commemorantur
571 3915 769 3995 Ἀδελφοίβ’.
787 3925 824 3982 2⁰.
843 3927 1004 3984 Didascalia
1023 3928 1124 3995 Stichi,
1142 3943 1160 3984 a
1177 3929 1224 3984 W.
1245 3930 1427 3986 Studemund

287 4015 325 4056 ex
351 4002 544 4059 Ambrosiauo
575 4006 659 4060 eruta
690 4005 856 4074 ,Adelphos
886 4007 1061 4062 Menandru”
1091 4009 1195 4080 iniuria
1222 4024 1240 4064 a
1267 4010 1426 4066 Ritschelio

286 4089 401 4158 Parerg.
429 4091 452 4146 L
479 4093 533 4147 270
554 4094 584 4148 in
611 4093 850 4162 „Philadelphus”
878 4097 1002 4152 mutata.
1036 4095 1074 4151 3⁰.
1093 4097 1277 4167 Fragmenta,
1296 4113 1370 4166 quae
1388 4113 1428 4154 ex

285 4178 426 4248 Adelphis
452 4181 573 4237 fluxisse
600 4183 736 4238 dicuntur
763 4198 859 4252 neque
885 4186 1064 4241 conveniunt
1090 4187 1121 4240 in
1139 4187 1266 4242 fabuhm
1287 4189 1427 4258 nostram,

288 4268 439 4336 aptissime
458 4269 589 4326 collocari
608 4275 732 4340 possunt
750 4273 779 4326 in
794 4273 902 4329 Sticho.
