3368 5046
838 552 876 610 64

290 739 633 798 fabulamnenostram
645 737 839 812 pertineant;
858 737 897 796 de
907 738 1003 796 tertio
1014 737 1094 796 item
1105 753 1201 796 versu
1213 737 1359 798 dubitare
1369 753 1426 814 par

290 847 349 932 est.
370 847 450 905 Vide
470 845 599 904 lhnium
614 861 643 919 p.
659 846 706 918 28,
723 843 902 903 Klasenum
916 860 945 918 p.
962 845 1009 904 12.
1032 845 1149 904 Omnia
1164 845 1275 904 autem
1289 845 1376 904 recte
1390 861 1425 906 se

288 954 417 1026 habent,
447 953 474 1010 si
501 929 706 1011 Dziatzkonis
735 951 991 1010 emendationem
1015 952 1140 1024 probas.
1172 952 1300 1010 Etenim
1322 953 1426 1012 maior

288 1075 362 1134 pars
398 1074 509 1119 eorum
545 1059 598 1132 qui
634 1073 764 1132 operam
797 1058 993 1118 collocarunt·
1023 1059 1055 1117 in
1087 1058 1193 1116 verbis
1225 1059 1423 1119 Menandreis

289 1166 505 1240 emendandis,
534 1167 582 1225 ita
609 1181 741 1223 versum
770 1165 1014 1240 constituerunt,
1045 1165 1081 1222 ut
1106 1165 1320 1238 discrepantia
1341 1167 1423 1225 satis

288 1289 408 1347 magna
428 1273 638 1332 intercederet
659 1273 743 1331 inter
763 1286 878 1345 graeca
900 1273 932 1330 et
953 1271 1055 1330 latina
1075 1269 1105 1345 1),
1128 1288 1210 1346 quae
1228 1273 1303 1331 talis
1322 1273 1422 1332 etiam

288 1381 359 1440 visa
387 1381 437 1438 est
465 1380 556 1440 lhnio
586 1380 618 1438 et
646 1379 795 1452 Klaseno,
825 1380 862 1437 ut
887 1380 1041 1452 negarent
1062 1379 1170 1439 locum
1192 1381 1422 1439 Terentianum

287 1487 484 1546 translatum
506 1502 577 1545 esse
598 1501 638 1544 ex
660 1487 708 1560 lie,
732 1501 814 1559 quae
836 1486 919 1558 apud
940 1486 1104 1545 Donatum
1125 1487 1212 1546 sunt.
1250 1487 1422 1547 Nencinius

287 1595 422 1653 minime
445 1609 567 1667 negans
590 1593 707 1666 aliquid
727 1593 892 1666 interesse,
915 1593 975 1652 hoc
996 1608 1075 1651 usus
1097 1595 1147 1652 est
1169 1595 1360 1667 argumento
1382 1594 1422 1653 ad

287 1701 583 1774 demonstrandum,
624 1701 700 1758 data
735 1714 831 1772 opera
866 1699 1053 1758 discessisse
1088 1701 1127 1759 ab
1165 1700 1340 1774 exemplari
1374 1717 1420 1774 gr.

287 1809 452 1868 auctorem
479 1808 627 1866 latinum.
669 1807 749 1865 Vide
776 1823 805 1879 p.
828 1807 886 1865 136
916 1807 1025 1880 ,Micio
1055 1808 1137 1880 apud
1167 1807 1362 1881 Terentium,
1385 1809 1421 1866 ut

287 1913 341 1987 qui
368 1914 481 1988 postea
509 1914 638 1987 nuptias
667 1914 855 1971 enixissime
881 1913 1066 1986 repulsurus
1095 1915 1147 1988 sit,
1173 1914 1420 1988 repugnantiam

287 2036 382 2080 suam
411 2021 561 2094 quamvis
589 2020 785 2094 singularem
815 2021 924 2093 aperte
952 2020 1080 2094 fatetur,
1108 2020 1190 2094 apud
1212 2021 1421 2080 Menandrum

286 2128 374 2201 vulgi
396 2128 534 2202 opinioni
554 2129 685 2187 tantum
708 2127 906 2186 concessisse
927 2128 1128 2187 contentus’'.
1166 2127 1321 2201 Equidem
1343 2127 1420 2186 nihil

286 2234 392 2294 tribuo
420 2235 494 2293 huic
522 2219 704 2308 suspicioni,
734 2234 835 2293 fretae
862 2235 1090 2294 tantummodo
1117 2235 1340 2294 emendatione
1359 2235 1421 2294 loci

287 2341 490 2401 conclamati.
511 2343 582 2401 Non
604 2342 727 2401 minore
747 2341 833 2400 enim
854 2341 1002 2399 veritatis
1024 2342 1129 2415 specie
1148 2342 1302 2401 Dniatzko
1318 2357 1346 2414 p.
1362 2342 1419 2400 373

286 2449 470 2523 proposuit:
505 2446 539 2509 τὲ
572 2444 721 2523 parapter
754 2445 884 2508 δἀὐτὼν
916 2447 1075 2520 γννωῖκόὑ
1107 2443 1272 2522 λαμβάνω,
1304 2448 1419 2522 quibus

286 2557 428 2629 probatis
461 2556 566 2616 omnis
599 2554 785 2640 differentia
802 2554 886 2612 inter
913 2569 1028 2632 graeca
1057 2555 1089 2612 et
1115 2554 1218 2613 latina
1245 2555 1418 2614 evanescit.

287 2664 347 2722 Sed
378 2678 432 2722 nie
463 2663 566 2721 iudice
596 2676 709 2720 versus
740 2661 922 2720 Menandrei
952 2661 1093 2720 condicio
1122 2676 1161 2720 ea
1189 2661 1247 2735 est,
1277 2662 1313 2720 ut
1341 2661 1418 2719 nihil

285 2771 377 2829 nobis
404 2770 504 2842 prosit
530 2769 563 2827 in
585 2767 799 2842 discernende,
822 2768 933 2827 utrum
955 2783 1064 2842 presse
1085 2767 1217 2826 secutus
1239 2767 1282 2824 sit
1304 2781 1419 2840 graeca

286 2876 454 2934 Terentius
477 2890 592 2935 annon.
605 2873 626 2946 2)

444 2981 590 3040 Alterum
613 2982 831 3055 fragmentum
954 2979 1001 3041 Οὐ
1025 2987 1179 3043 λυποῦντα
1201 2977 1249 3040 δεῖ

542 3084 698 3162 anticipen
723 3086 834 3164 ὀρθοῦν,
859 3084 947 3148 aare
977 3089 1031 3147 rexi
1056 3088 1207 3150 πείθοντά
1230 3105 1259 3146 τι

284 3211 304 3254 a
326 3195 463 3254 Stobaeo
478 3195 547 3254 sine
562 3195 689 3253 fabulae
699 3195 829 3254 nomine
840 3195 1016 3270 servatum,
1029 3195 1221 3253 rettulerunt
1232 3191 1416 3266 Meinelrius,

317 3343 338 3410 1)
351 3343 501 3399 Bentleius
642 3337 662 3405 ὦ
686 3348 833 3421 μακάρων
857 3343 960 3422 μ’ὁτνὴ
984 3341 1144 3419 γυναῖκ’ἆύ
1167 3337 1325 3417 λωμβνὶνω

353 3434 479 3489 Clericus
840 3429 971 3510 μ’ὅσπερ

352 3523 512 3578 Grauertus
841 3518 946 3596 μ’ἐντεὶ

351 3613 512 3668 Meinekius
841 3605 963 3684 μ’ἕστνς

352 3701 639 3758 cunemannus
838 3699 908 3774 μὀὑ
933 3697 995 3776 γὰρ
1019 3702 1155 3774 γυναῖκα
1179 3693 1347 3772 λαμβάνω.

350 3789 453 3844 Ihnius
841 3787 940 3864 μ’ἑνὼ

350 3878 507 3934 Nencinius
1250 3870 1311 3948 ἐγώ

639 3963 826 4046 μακαρίζων)
850 3965 882 4028 οὐ
907 3969 1044 4041 pavana
1067 3961 1241 4040 λαμβάνων
1265 3957 1321 4026 ἔτι.

315 4091 336 4158 2)
358 4094 420 4149 Vin'
439 4094 597 4163 clarissimi,
616 4094 646 4147 in
665 4093 758 4161 petria
776 4092 877 4147 nostra
895 4091 1011 4158 linguae
1023 4103 1143 4158 graecae
1155 4087 1330 4158 peritissimi,
1345 4099 1417 4156 quos

280 4183 412 4240 consului
430 4184 465 4238 de
483 4183 553 4238 locis
572 4197 614 4250 gr.
633 4197 651 4237 a
668 4182 782 4237 Donato
801 4181 933 4248 servatis,
952 4179 1164 4248 responderunt
1180 4191 1212 4263 se
1230 4177 1266 4232 de
1277 4175 1417 4245 probabili

280 4274 480 4328 emendatione
498 4273 658 4340 desperare.
