3368 5046
663 908 727 968 Du
763 907 1001 968 ANDRIA.

754 1113 863 1174 Garun
886 1113 913 1173 1.

536 1301 583 1359 Da
603 1315 845 1360 uurnrrorueus
866 1313 978 1358 rucrrs
1000 1313 1034 1356 rn
1055 1298 1070 1357 Ι
1093 1299 1122 1359 1.

781 1487 888 1494 ----

308 1684 443 1744 Constat
475 1699 493 1742 e
522 1683 661 1757 prologis
692 1684 725 1742 et
757 1698 775 1742 e
805 1683 923 1742 Donati
954 1681 1187 1742 commentario
1216 1680 1402 1740 Terentium

267 1791 507 1851 contaminasse
518 1791 701 1850 comoedias
711 1791 938 1864 tresequibus
946 1791 1136 1849 Eunuchum
1145 1788 1241 1848 certis
1249 1787 1401 1862 personis,

267 1898 427 1972 Adelphos
448 1899 536 1957 certa
557 1898 589 1956 et
610 1896 742 1957 definita
762 1912 859 1956 scena
874 1897 976 1956 auxit.
998 1897 1036 1955 ln
1050 1896 1170 1955 Andria
1184 1894 1403 1968 componenda

268 2005 411 2064 adhibuit
442 2005 571 2078 quidem
603 2005 702 2064 aliam
732 2004 895 2064 Menandri
927 2003 1080 2077 fabulam,
1111 2002 1317 2074 Perinthiam,
1346 1999 1402 2058 sed

268 2127 315 2186 ea,
350 2127 433 2185 quae
466 2111 539 2170 inde
573 2111 745 2170 mutuatus
779 2111 831 2182 sit,
867 2111 963 2169 certis
995 2108 1111 2170 finibus
1144 2108 1405 2169 circumscribere

268 2217 391 2280 difficile
412 2219 471 2278 est.
513 2218 700 2279 ostenditur
720 2219 780 2278 hoc
801 2217 922 2291 prologi
941 2232 1009 2278 vss,
1030 2219 1130 2276 9-16

407 2325 577 2384 Menander
599 2324 673 2383 iecit
694 2324 849 2384 Andriam
871 2325 903 2382 et
925 2323 1132 2383 Perinthiam.

408 2433 467 2507 Qui
487 2432 648 2491 utramvis
669 2432 756 2490 recte
776 2432 869 2505 norit,
893 2432 1007 2490 ambas
1028 2431 1168 2491 noverit:

407 2539 478 2598 Non
498 2539 546 2597 ita
566 2539 643 2598 sunt
666 2539 813 2597 dissimili
835 2539 1034 2613 argumento,
1057 2538 1113 2596 sed
1133 2538 1246 2596 tamen

407 2645 562 2703 Dissimili
583 2646 727 2705 oratione
748 2647 824 2704 sunt
846 2645 953 2704 factae
974 2660 1011 2703 ac
1032 2645 1116 2705 stilo.

408 2752 495 2827 Quae
516 2729 692 2812 convenere
712 2753 745 2810 in
767 2753 922 2811 Andriam
944 2767 984 2811 ex
1007 2752 1169 2811 Perinthia

408 2859 540 2917 Fatetur
560 2860 769 2918 transtulisse
790 2849 887 2932 atoue
907 2875 1005 2918 usum
1026 2875 1082 2933 pro
1104 2860 1182 2920 suis

408 2965 444 3024 ld
463 2965 519 3023 isti
539 2966 724 3039 vituperant
745 2966 870 3024 factum
892 2967 990 3039 atque
1009 2966 1043 3024 in
1064 2982 1101 3026 eo
1122 2966 1288 3041 disputant

409 3071 628 3131 Contaminari
649 3088 713 3132 non
734 3073 844 3131 decere
866 3072 1001 3132 fabulae.

309 3177 342 3236 Si
363 3175 508 3236 deficeret
530 3179 685 3253 Donatus
707 3180 786 3238 haec
807 3180 906 3238 verba
927 3179 965 3237 de
983 3180 1267 3240 contaminationis
1285 3181 1403 3239 natura

268 3285 300 3342 et
332 3284 542 3358 amplitudine
571 3300 687 3359 parum
718 3301 777 3345 nos
809 3286 965 3360 docerent,
995 3301 1070 3345 cum
1093 3287 1191 3345 nimis
1215 3286 1405 3360 generaliter

267 3390 418 3464 loquatur
444 3392 540 3464 poeta
568 3393 665 3465 atque
693 3393 732 3452 ob
761 3393 1005 3451 similitudinem
1033 3393 1200 3466 utriusque
1221 3393 1403 3466 argumenti

267 3498 350 3556 rima
377 3499 505 3557 nonnisi
530 3513 657 3573 perraro
680 3500 757 3560 hiet.
800 3500 894 3558 Felici
914 3501 1028 3558 tamen
1049 3500 1177 3560 fortuna
1199 3500 1260 3559 duo
1281 3499 1403 3559 scholia
1431 3549 1434 3556 .

268 3605 450 3678 supersunt.

308 3711 399 3770 Prius
422 3712 618 3786 adscriptum
641 3714 690 3771 est
711 3729 742 3774 v.
765 3713 818 3774 10:
842 3713 969 3788 ,Prima
990 3728 1087 3772 scena
1108 3713 1288 3772 Perinthiae
1301 3728 1404 3787 paene

266 3817 381 3876 iisdem
412 3819 518 3878 verbis
550 3819 666 3892 quibus
696 3820 817 3879 Andria
848 3820 968 3894 scripta
998 3820 1065 3893 est;
1097 3821 1203 3878 cetera
1234 3803 1403 3878 dissimilia

267 3926 343 3983 sunt
375 3926 519 4000 exceptis
551 3926 674 3987 duobus
705 3927 792 4002 locis
827 3927 927 3987 altero
956 3928 994 3986 ad
1022 3941 1136 3984 versus
1160 3927 1217 4000 XI,
1240 3926 1340 3986 altero
1363 3927 1402 3986 ad

267 4046 380 4091 versus
402 4033 475 4108 XX,
498 4033 605 4107 quiin
627 4035 763 4107 utraque
784 4034 893 4093 fabula
913 4034 1010 4108 positi
1031 4034 1138 4093 sunt”.

308 4139 396 4198 Haec
425 4139 590 4200 adnotatio
610 4142 682 4215 ipsa
702 4157 757 4216 per
777 4157 813 4200 se
833 4141 926 4200 facile
945 4141 1133 4216 intelligitur
1153 4156 1256 4216 neque
1276 4141 1403 4214 explan·

269 4246 376 4306 atione
415 4246 544 4321 indiget.
601 4249 710 4308 Possis
740 4249 968 4309 tantummodo
999 4249 1210 4310 scholiastam
1241 4237 1403 4324 reprehen-
