<?xml version="1.0" encoding="UTF-8"?>
<!DOCTYPE html PUBLIC "-//W3C//DTD XHTML 1.0 Transitional//EN"
    "http://www.w3.org/TR/xhtml1/DTD/xhtml1-transitional.dtd">
<html xmlns="http://www.w3.org/1999/xhtml" xml:lang="en" lang="en">
 <head>
  <title>
</title>
<meta http-equiv="Content-Type" content="text/html;charset=utf-8" />
  <meta name='ocr-system' content='tesseract 3.04.00' />
  <meta name='ocr-capabilities' content='ocr_page ocr_carea ocr_par ocr_line ocrx_word'/>
</head>
<body>
  <div class='ocr_page' id='page_1' title='image "./questionesteren00sipkgoog_0098.png"; bbox 0 0 3368 5046; ppageno 0'>
   <div class='ocr_carea' id='block_1_1' title="bbox 740 917 908 980">
    <p class='ocr_par' dir='ltr' id='par_1_1' title="bbox 740 917 908 980">
     <span class='ocr_line' id='line_1_1' title="bbox 740 917 908 980; baseline -0.024 0"><span class='ocrx_word' id='word_1_1' title='bbox 740 917 849 980; x_wconf 75' lang='lat' dir='ltr'>Garun</span> <span class='ocrx_word' id='word_1_2' title='bbox 879 920 908 977; x_wconf 82' lang='lat'>2.</span> 
     </span>
    </p>
   </div>
   <div class='ocr_carea' id='block_1_2' title="bbox 333 1142 1307 1210">
    <p class='ocr_par' dir='ltr' id='par_1_2' title="bbox 333 1142 1307 1210">
     <span class='ocr_line' id='line_1_2' title="bbox 333 1142 1307 1210; baseline 0 -8"><span class='ocrx_word' id='word_1_3' title='bbox 333 1143 381 1202; x_wconf 81' lang='lat' dir='ltr'>DE</span> <span class='ocrx_word' id='word_1_4' title='bbox 402 1142 546 1204; x_wconf 75' lang='lat' dir='ltr'>CHARINI</span> <span class='ocrx_word' id='word_1_5' title='bbox 570 1143 784 1210; x_wconf 78' lang='lat' dir='ltr'><strong>BYRRIAEQUE</strong></span> <span class='ocrx_word' id='word_1_6' title='bbox 805 1155 967 1200; x_wconf 74' lang='lat' dir='ltr'>PARTIBUS</span> <span class='ocrx_word' id='word_1_7' title='bbox 989 1155 1131 1200; x_wconf 80' lang='lat' dir='ltr'><strong>ALIUNDE</strong></span> <span class='ocrx_word' id='word_1_8' title='bbox 1152 1155 1307 1204; x_wconf 68' lang='lat' dir='ltr'>Insanus,</span> 
     </span>
    </p>
   </div>
   <div class='ocr_carea' id='block_1_3' title="bbox 253 1552 1387 2591">
    <p class='ocr_par' dir='ltr' id='par_1_3' title="bbox 253 1552 1387 2591">
     <span class='ocr_line' id='line_1_3' title="bbox 294 1552 1387 1632; baseline 0.001 -15"><span class='ocrx_word' id='word_1_9' title='bbox 294 1558 390 1618; x_wconf 89' lang='lat' dir='ltr'>Initio</span> <span class='ocrx_word' id='word_1_10' title='bbox 422 1558 515 1617; x_wconf 89' lang='lat' dir='ltr'>actus</span> <span class='ocrx_word' id='word_1_11' title='bbox 547 1556 678 1616; x_wconf 90' lang='lat' dir='ltr'>secundi</span> <span class='ocrx_word' id='word_1_12' title='bbox 711 1557 898 1620; x_wconf 85' lang='lat' dir='ltr'>(secundum</span> <span class='ocrx_word' id='word_1_13' title='bbox 930 1555 1033 1617; x_wconf 83' lang='lat' dir='ltr'>Fleck.</span> <span class='ocrx_word' id='word_1_14' title='bbox 1062 1552 1161 1630; x_wconf 80' lang='lat' dir='ltr'>tertii)</span> <span class='ocrx_word' id='word_1_15' title='bbox 1193 1558 1333 1632; x_wconf 90' lang='lat' dir='ltr'>primum</span> <span class='ocrx_word' id='word_1_16' title='bbox 1353 1559 1387 1619; x_wconf 91' lang='lat' dir='ltr'>in</span> 
     </span>
     <span class='ocr_line' id='line_1_4' title="bbox 254 1663 1386 1739; baseline 0 -15"><span class='ocrx_word' id='word_1_17' title='bbox 254 1680 386 1724; x_wconf 83' lang='lat' dir='ltr'>scenam</span> <span class='ocrx_word' id='word_1_18' title='bbox 417 1664 558 1739; x_wconf 77' lang='lat' dir='ltr'>procedit</span> <span class='ocrx_word' id='word_1_19' title='bbox 580 1663 737 1724; x_wconf 81' lang='lat' dir='ltr'>Charinus</span> <span class='ocrx_word' id='word_1_20' title='bbox 758 1677 834 1722; x_wconf 89' lang='lat' dir='ltr'>cum</span> <span class='ocrx_word' id='word_1_21' title='bbox 855 1678 948 1723; x_wconf 90' lang='lat' dir='ltr'>servo</span> <span class='ocrx_word' id='word_1_22' title='bbox 969 1664 1099 1738; x_wconf 88' lang='lat' dir='ltr'>Byrria;</span> <span class='ocrx_word' id='word_1_23' title='bbox 1129 1666 1275 1738; x_wconf 91' lang='lat' dir='ltr'>impense</span> <span class='ocrx_word' id='word_1_24' title='bbox 1296 1667 1386 1725; x_wconf 91' lang='lat' dir='ltr'>amat</span> 
     </span>
     <span class='ocr_line' id='line_1_5' title="bbox 254 1768 1387 1844; baseline -0.001 -13"><span class='ocrx_word' id='word_1_25' title='bbox 254 1772 478 1831; x_wconf 77' lang='lat' dir='ltr'><strong>Philumenam</strong></span> <span class='ocrx_word' id='word_1_26' title='bbox 508 1770 675 1844; x_wconf 90' lang='lat' dir='ltr'>Pamphilo</span> <span class='ocrx_word' id='word_1_27' title='bbox 697 1770 802 1830; x_wconf 85' lang='lat' dir='ltr'>amico</span> <span class='ocrx_word' id='word_1_28' title='bbox 823 1770 916 1829; x_wconf 87' lang='lat' dir='ltr'>uxori</span> <span class='ocrx_word' id='word_1_29' title='bbox 937 1768 1135 1829; x_wconf 90' lang='lat' dir='ltr'>destinatam</span> <span class='ocrx_word' id='word_1_30' title='bbox 1157 1771 1255 1844; x_wconf 91' lang='lat' dir='ltr'>atque</span> <span class='ocrx_word' id='word_1_31' title='bbox 1273 1771 1387 1831; x_wconf 90' lang='lat' dir='ltr'>nuntio</span> 
     </span>
     <span class='ocr_line' id='line_1_6' title="bbox 253 1876 1385 1953; baseline 0.002 -17"><span class='ocrx_word' id='word_1_32' title='bbox 253 1878 439 1953; x_wconf 78' lang='lat' dir='ltr'>nuptiarum</span> <span class='ocrx_word' id='word_1_33' title='bbox 482 1876 664 1936; x_wconf 86' lang='lat' dir='ltr'>futuramm</span> <span class='ocrx_word' id='word_1_34' title='bbox 706 1877 879 1935; x_wconf 85' lang='lat' dir='ltr'>exterritus</span> <span class='ocrx_word' id='word_1_35' title='bbox 921 1876 1073 1936; x_wconf 76' lang='lat' dir='ltr'>deliberat</span> <span class='ocrx_word' id='word_1_36' title='bbox 1111 1892 1187 1936; x_wconf 90' lang='lat' dir='ltr'>cum</span> <span class='ocrx_word' id='word_1_37' title='bbox 1227 1878 1385 1953; x_wconf 84' lang='lat' dir='ltr'>ministro,</span> 
     </span>
     <span class='ocr_line' id='line_1_7' title="bbox 254 1983 1385 2058; baseline 0.002 -16"><span class='ocrx_word' id='word_1_38' title='bbox 254 1985 327 2058; x_wconf 91' lang='lat' dir='ltr'>quid</span> <span class='ocrx_word' id='word_1_39' title='bbox 358 1985 419 2043; x_wconf 90' lang='lat' dir='ltr'>sibi</span> <span class='ocrx_word' id='word_1_40' title='bbox 451 1984 634 2045; x_wconf 85' lang='lat' dir='ltr'>faciendum</span> <span class='ocrx_word' id='word_1_41' title='bbox 665 1983 707 2041; x_wconf 92' lang='lat' dir='ltr'>sit</span> <span class='ocrx_word' id='word_1_42' title='bbox 741 1983 780 2042; x_wconf 91' lang='lat' dir='ltr'>ad</span> <span class='ocrx_word' id='word_1_43' title='bbox 811 1984 894 2042; x_wconf 86' lang='lat' dir='ltr'>hanc</span> <span class='ocrx_word' id='word_1_44' title='bbox 922 1984 1146 2042; x_wconf 86' lang='lat' dir='ltr'>calamitatem</span> <span class='ocrx_word' id='word_1_45' title='bbox 1167 1985 1385 2045; x_wconf 85' lang='lat' dir='ltr'>avertendam.</span> 
     </span>
     <span class='ocr_line' id='line_1_8' title="bbox 253 2089 1385 2165; baseline 0.003 -15"><span class='ocrx_word' id='word_1_46' title='bbox 253 2091 336 2151; x_wconf 90' lang='lat' dir='ltr'>Huic</span> <span class='ocrx_word' id='word_1_47' title='bbox 366 2091 446 2165; x_wconf 86' lang='lat' dir='ltr'>loco,</span> <span class='ocrx_word' id='word_1_48' title='bbox 478 2091 509 2148; x_wconf 92' lang='lat' dir='ltr'>Il</span> <span class='ocrx_word' id='word_1_49' title='bbox 542 2091 569 2150; x_wconf 91' lang='grc'>1.</span> <span class='ocrx_word' id='word_1_50' title='bbox 602 2091 638 2164; x_wconf 84' lang='grc'>1.,</span> <span class='ocrx_word' id='word_1_51' title='bbox 673 2089 792 2148; x_wconf 89' lang='lat' dir='ltr'>addidit</span> <span class='ocrx_word' id='word_1_52' title='bbox 824 2089 999 2149; x_wconf 85' lang='lat' dir='ltr'>scholiasta</span> <span class='ocrx_word' id='word_1_53' title='bbox 1031 2090 1253 2150; x_wconf 82' lang='lat' dir='ltr'>adnotationes</span> <span class='ocrx_word' id='word_1_54' title='bbox 1289 2093 1385 2153; x_wconf 88' lang='lat' dir='ltr'>duas:</span> 
     </span>
     <span class='ocr_line' id='line_1_9' title="bbox 254 2195 1385 2273; baseline 0.001 -17"><span class='ocrx_word' id='word_1_55' title='bbox 254 2198 310 2273; x_wconf 85' lang='lat' dir='ltr'>„In</span> <span class='ocrx_word' id='word_1_56' title='bbox 340 2199 401 2257; x_wconf 90' lang='lat' dir='ltr'>hoc</span> <span class='ocrx_word' id='word_1_57' title='bbox 432 2197 588 2269; x_wconf 89' lang='lat' dir='ltr'>colloquio</span> <span class='ocrx_word' id='word_1_58' title='bbox 621 2195 722 2254; x_wconf 88' lang='lat' dir='ltr'>altera</span> <span class='ocrx_word' id='word_1_59' title='bbox 752 2211 826 2269; x_wconf 91' lang='lat' dir='ltr'>pars</span> <span class='ocrx_word' id='word_1_60' title='bbox 858 2197 1036 2255; x_wconf 86' lang='lat' dir='ltr'>ostenditur</span> <span class='ocrx_word' id='word_1_61' title='bbox 1064 2197 1206 2259; x_wconf 84' lang='lat' dir='ltr'>fabulae:</span> <span class='ocrx_word' id='word_1_62' title='bbox 1228 2198 1385 2272; x_wconf 88' lang='lat' dir='ltr'>siquidem</span> 
     </span>
     <span class='ocr_line' id='line_1_10' title="bbox 254 2303 1386 2378; baseline 0.002 -16"><span class='ocrx_word' id='word_1_63' title='bbox 254 2304 374 2363; x_wconf 86' lang='lat' dir='ltr'>Andria</span> <span class='ocrx_word' id='word_1_64' title='bbox 395 2318 436 2361; x_wconf 84' lang='lat' dir='ltr'>ex</span> <span class='ocrx_word' id='word_1_65' title='bbox 458 2304 594 2362; x_wconf 90' lang='lat' dir='ltr'>duorum</span> <span class='ocrx_word' id='word_1_66' title='bbox 616 2303 867 2362; x_wconf 86' lang='lat' dir='ltr'>adolescentium</span> <span class='ocrx_word' id='word_1_67' title='bbox 881 2303 1053 2375; x_wconf 88' lang='lat' dir='ltr'>pavoribus</span> <span class='ocrx_word' id='word_1_68' title='bbox 1064 2304 1252 2376; x_wconf 83' lang='lat' dir='ltr'>gaudiisque</span> <span class='ocrx_word' id='word_1_69' title='bbox 1262 2319 1386 2378; x_wconf 88' lang='lat' dir='ltr'>compo·</span> 
     </span>
     <span class='ocr_line' id='line_1_11' title="bbox 253 2409 1386 2484; baseline 0.002 -16"><span class='ocrx_word' id='word_1_70' title='bbox 253 2411 347 2484; x_wconf 90' lang='lat' dir='ltr'>nitur,</span> <span class='ocrx_word' id='word_1_71' title='bbox 371 2425 446 2468; x_wconf 91' lang='lat' dir='ltr'>oum</span> <span class='ocrx_word' id='word_1_72' title='bbox 468 2409 533 2469; x_wconf 84' lang='lat' dir='ltr'>fere</span> <span class='ocrx_word' id='word_1_73' title='bbox 553 2410 658 2469; x_wconf 90' lang='lat' dir='ltr'>solam</span> <span class='ocrx_word' id='word_1_74' title='bbox 680 2409 843 2482; x_wconf 86' lang='lat' dir='ltr'>Hecyram</span> <span class='ocrx_word' id='word_1_75' title='bbox 866 2410 1033 2469; x_wconf 80' lang='lat' dir='ltr'>Terentius</span> <span class='ocrx_word' id='word_1_76' title='bbox 1056 2425 1096 2468; x_wconf 85' lang='lat' dir='ltr'>ex</span> <span class='ocrx_word' id='word_1_77' title='bbox 1111 2411 1206 2469; x_wconf 92' lang='lat' dir='ltr'>unius</span> <span class='ocrx_word' id='word_1_78' title='bbox 1221 2411 1386 2470; x_wconf 90' lang='lat' dir='ltr'>comoedia</span> 
     </span>
     <span class='ocr_line' id='line_1_12' title="bbox 253 2515 1385 2591; baseline -0.001 -15"><span class='ocrx_word' id='word_1_79' title='bbox 253 2516 463 2576; x_wconf 89' lang='lat' dir='ltr'>adolescentis</span> <span class='ocrx_word' id='word_1_80' title='bbox 495 2515 662 2574; x_wconf 81' lang='lat' dir='ltr'>effecerit.’&#39;</span> <span class='ocrx_word' id='word_1_81' title='bbox 693 2517 739 2576; x_wconf 71' lang='grc' dir='ltr'><strong>ΙΙ).</strong></span> <span class='ocrx_word' id='word_1_82' title='bbox 773 2517 860 2591; x_wconf 84' lang='lat' dir='ltr'>„Has</span> <span class='ocrx_word' id='word_1_83' title='bbox 891 2531 1043 2589; x_wconf 87' lang='lat' dir='ltr'>personas</span> <span class='ocrx_word' id='word_1_84' title='bbox 1069 2517 1236 2575; x_wconf 80' lang='lat' dir='ltr'>Terentius</span> <span class='ocrx_word' id='word_1_85' title='bbox 1266 2517 1385 2576; x_wconf 90' lang='lat' dir='ltr'>addidit</span> 
     </span>
    </p>
   </div>
   <div class='ocr_carea' id='block_1_4' title="bbox 252 2619 1386 2912">
    <p class='ocr_par' dir='ltr' id='par_1_4' title="bbox 252 2619 1386 2912">
     <span class='ocr_line' id='line_1_13' title="bbox 252 2619 1382 2698; baseline 0.001 -16"><span class='ocrx_word' id='word_1_86' title='bbox 252 2623 388 2697; x_wconf 84' lang='lat' dir='ltr'>fabulae,</span> <span class='ocrx_word' id='word_1_87' title='bbox 428 2638 504 2681; x_wconf 88' lang='lat' dir='ltr'>nam</span> <span class='ocrx_word' id='word_1_88' title='bbox 543 2638 607 2682; x_wconf 91' lang='lat' dir='ltr'>non</span> <span class='ocrx_word' id='word_1_89' title='bbox 634 2624 710 2681; x_wconf 89' lang='lat' dir='ltr'>sunt</span> <span class='ocrx_word' id='word_1_90' title='bbox 739 2622 822 2695; x_wconf 90' lang='lat' dir='ltr'>apud</span> <span class='ocrx_word' id='word_1_91' title='bbox 849 2623 1066 2697; x_wconf 87' lang='lat' dir='ltr'>Menandrum,</span> <span class='ocrx_word' id='word_1_92' title='bbox 1095 2638 1136 2680; x_wconf 90' lang='lat' dir='ltr'>ne</span> <span class='ocrx_word' id='word_1_93' title='bbox 1160 2619 1382 2698; x_wconf 71' lang='grc' dir='ltr'>τραγικώτερον</span> 
     </span>
     <span class='ocr_line' id='line_1_14' title="bbox 253 2723 1386 2802; baseline 0 -14"><span class='ocrx_word' id='word_1_94' title='bbox 253 2730 292 2789; x_wconf 77' lang='lat' dir='ltr'>tv,</span> <span class='ocrx_word' id='word_1_95' title='bbox 330 2729 351 2788; x_wconf 91' lang='lat' dir='ltr'>l.</span> <span class='ocrx_word' id='word_1_96' title='bbox 391 2723 517 2790; x_wconf 65' lang='lat' dir='ltr'>troada</span> <span class='ocrx_word' id='word_1_97' title='bbox 525 2735 585 2800; x_wconf 80' lang='grc' dir='ltr'>τον)</span> <span class='ocrx_word' id='word_1_98' title='bbox 605 2725 626 2800; x_wconf 86' lang='lat'>¹)</span> <span class='ocrx_word' id='word_1_99' title='bbox 660 2726 749 2786; x_wconf 87' lang='lat' dir='ltr'>fieret</span> <span class='ocrx_word' id='word_1_100' title='bbox 781 2728 1005 2788; x_wconf 87' lang='lat' dir='ltr'>Philumenam</span> <span class='ocrx_word' id='word_1_101' title='bbox 1037 2729 1180 2802; x_wconf 89' lang='lat' dir='ltr'>spretam</span> <span class='ocrx_word' id='word_1_102' title='bbox 1210 2729 1386 2802; x_wconf 88' lang='lat' dir='ltr'>relinquere</span> 
     </span>
     <span class='ocr_line' id='line_1_15' title="bbox 252 2836 964 2912; baseline -0.001 -17"><span class='ocrx_word' id='word_1_103' title='bbox 252 2839 321 2896; x_wconf 91' lang='lat' dir='ltr'>sine</span> <span class='ocrx_word' id='word_1_104' title='bbox 341 2853 468 2912; x_wconf 88' lang='lat' dir='ltr'>sponso,</span> <span class='ocrx_word' id='word_1_105' title='bbox 492 2837 658 2910; x_wconf 87' lang='lat' dir='ltr'>Pamphilo</span> <span class='ocrx_word' id='word_1_106' title='bbox 680 2836 778 2895; x_wconf 88' lang='lat' dir='ltr'>aliam</span> <span class='ocrx_word' id='word_1_107' title='bbox 800 2836 964 2896; x_wconf 89' lang='lat' dir='ltr'>ducente.”</span> 
     </span>
    </p>
   </div>
   <div class='ocr_carea' id='block_1_5' title="bbox 246 2985 1387 4299">
    <p class='ocr_par' dir='ltr' id='par_1_5' title="bbox 246 2985 1387 4299">
     <span class='ocr_line' id='line_1_16' title="bbox 284 2985 1386 3056; baseline -0.001 -13"><span class='ocrx_word' id='word_1_108' title='bbox 284 2985 305 3052; x_wconf 79' lang='lat'>¹)</span> <span class='ocrx_word' id='word_1_109' title='bbox 323 2987 366 3043; x_wconf 89' lang='lat' dir='ltr'>De</span> <span class='ocrx_word' id='word_1_110' title='bbox 384 2987 512 3056; x_wconf 85' lang='lat' dir='ltr'>genuina</span> <span class='ocrx_word' id='word_1_111' title='bbox 529 2986 653 3042; x_wconf 88' lang='lat' dir='ltr'>lectione</span> <span class='ocrx_word' id='word_1_112' title='bbox 670 2986 827 3040; x_wconf 89' lang='lat' dir='ltr'>verborum</span> <span class='ocrx_word' id='word_1_113' title='bbox 844 2985 1014 3041; x_wconf 90' lang='lat' dir='ltr'>ultimorum</span> <span class='ocrx_word' id='word_1_114' title='bbox 1032 2985 1166 3040; x_wconf 90' lang='lat' dir='ltr'>dubitant</span> <span class='ocrx_word' id='word_1_115' title='bbox 1184 2985 1268 3040; x_wconf 90' lang='lat' dir='ltr'>docti.</span> <span class='ocrx_word' id='word_1_116' title='bbox 1288 2985 1386 3042; x_wconf 79' lang='lat' dir='ltr'>Codex</span> 
     </span>
     <span class='ocr_line' id='line_1_17' title="bbox 249 3074 1387 3145; baseline -0.001 -13"><span class='ocrx_word' id='word_1_117' title='bbox 249 3076 398 3132; x_wconf 86' lang='lat' dir='ltr'>Parisinus</span> <span class='ocrx_word' id='word_1_118' title='bbox 424 3077 526 3132; x_wconf 89' lang='lat' dir='ltr'>habet:</span> <span class='ocrx_word' id='word_1_119' title='bbox 557 3081 893 3145; x_wconf 73' lang='lat' dir='ltr'>„NaossleEATON</span> <span class='ocrx_word' id='word_1_120' title='bbox 921 3075 1005 3130; x_wconf 88' lang='lat' dir='ltr'>lieret</span> <span class='ocrx_word' id='word_1_121' title='bbox 1030 3074 1233 3130; x_wconf 85' lang='lat' dir='ltr'>Philumenam</span> <span class='ocrx_word' id='word_1_122' title='bbox 1258 3077 1387 3144; x_wconf 88' lang='lat' dir='ltr'>spretam</span> 
     </span>
     <span class='ocr_line' id='line_1_18' title="bbox 247 3160 1385 3231; baseline -0.002 -13"><span class='ocrx_word' id='word_1_123' title='bbox 247 3162 410 3230; x_wconf 85' lang='lat' dir='ltr'>relinquere</span> <span class='ocrx_word' id='word_1_124' title='bbox 420 3163 513 3218; x_wconf 84' lang='lat' dir='ltr'>sancti</span> <span class='ocrx_word' id='word_1_125' title='bbox 523 3163 585 3218; x_wconf 87' lang='lat' dir='ltr'>sine</span> <span class='ocrx_word' id='word_1_126' title='bbox 595 3177 702 3231; x_wconf 90' lang='lat' dir='ltr'>sponso</span> <span class='ocrx_word' id='word_1_127' title='bbox 712 3163 862 3230; x_wconf 88' lang='lat' dir='ltr'>Pamphilo</span> <span class='ocrx_word' id='word_1_128' title='bbox 871 3162 958 3218; x_wconf 89' lang='lat' dir='ltr'>allam</span> <span class='ocrx_word' id='word_1_129' title='bbox 968 3160 1118 3216; x_wconf 87' lang='lat' dir='ltr'>ducente.”</span> <span class='ocrx_word' id='word_1_130' title='bbox 1135 3161 1385 3216; x_wconf 88' lang='lat' dir='ltr'>Lindenbruchius</span> 
     </span>
     <span class='ocr_line' id='line_1_19' title="bbox 250 3249 1386 3322; baseline -0.002 -14"><span class='ocrx_word' id='word_1_131' title='bbox 250 3267 266 3309; x_wconf 91' lang='lat' dir='ltr'>e</span> <span class='ocrx_word' id='word_1_132' title='bbox 281 3252 386 3308; x_wconf 88' lang='lat' dir='ltr'>litteris</span> <span class='ocrx_word' id='word_1_133' title='bbox 395 3253 506 3320; x_wconf 81' lang='lat' dir='ltr'>graecis</span> <span class='ocrx_word' id='word_1_134' title='bbox 517 3251 615 3308; x_wconf 89' lang='lat' dir='ltr'>elicuit</span> <span class='ocrx_word' id='word_1_135' title='bbox 623 3266 739 3307; x_wconf 91' lang='lat' dir='ltr'>vocem:</span> <span class='ocrx_word' id='word_1_136' title='bbox 759 3249 946 3322; x_wconf 71' lang='grc' dir='ltr'><em>ἀποθέατον,</em></span> <span class='ocrx_word' id='word_1_137' title='bbox 958 3251 1098 3318; x_wconf 86' lang='lat' dir='ltr'>adspectu</span> <span class='ocrx_word' id='word_1_138' title='bbox 1106 3251 1301 3317; x_wconf 91' lang='lat' dir='ltr'>iniucundam,</span> <span class='ocrx_word' id='word_1_139' title='bbox 1311 3265 1386 3318; x_wconf 88' lang='lat' dir='ltr'>quae</span> 
     </span>
     <span class='ocr_line' id='line_1_20' title="bbox 248 3339 1386 3410; baseline -0.003 -13"><span class='ocrx_word' id='word_1_140' title='bbox 248 3343 348 3397; x_wconf 88' lang='lat' dir='ltr'>tamen</span> <span class='ocrx_word' id='word_1_141' title='bbox 375 3354 521 3409; x_wconf 86' lang='lat' dir='ltr'>nusquam</span> <span class='ocrx_word' id='word_1_142' title='bbox 547 3340 660 3408; x_wconf 82' lang='lat' dir='ltr'>legitur.</span> <span class='ocrx_word' id='word_1_143' title='bbox 689 3340 834 3410; x_wconf 86' lang='lat' dir='ltr'>Ceterum,</span> <span class='ocrx_word' id='word_1_144' title='bbox 860 3341 937 3409; x_wconf 94' lang='lat' dir='ltr'>quod</span> <span class='ocrx_word' id='word_1_145' title='bbox 963 3341 999 3395; x_wconf 91' lang='lat' dir='ltr'>ad</span> <span class='ocrx_word' id='word_1_146' title='bbox 1026 3354 1147 3395; x_wconf 88' lang='lat' dir='ltr'>sensum</span> <span class='ocrx_word' id='word_1_147' title='bbox 1175 3340 1294 3408; x_wconf 87' lang='lat' dir='ltr'>adtinet,</span> <span class='ocrx_word' id='word_1_148' title='bbox 1313 3339 1386 3394; x_wconf 89' lang='lat' dir='ltr'>haec</span> 
     </span>
     <span class='ocr_line' id='line_1_21' title="bbox 249 3428 1386 3498; baseline -0.003 -13"><span class='ocrx_word' id='word_1_149' title='bbox 249 3430 412 3486; x_wconf 87' lang='lat' dir='ltr'>coniectura</span> <span class='ocrx_word' id='word_1_150' title='bbox 422 3445 480 3486; x_wconf 92' lang='lat' dir='ltr'>non</span> <span class='ocrx_word' id='word_1_151' title='bbox 490 3429 629 3498; x_wconf 87' lang='lat' dir='ltr'>displicet.</span> <span class='ocrx_word' id='word_1_152' title='bbox 639 3430 797 3485; x_wconf 86' lang='lat' dir='ltr'>Nencinius</span> <span class='ocrx_word' id='word_1_153' title='bbox 806 3445 833 3498; x_wconf 91' lang='lat' dir='ltr'>p.</span> <span class='ocrx_word' id='word_1_154' title='bbox 844 3431 880 3485; x_wconf 83' lang='lat'>36</span> <span class='ocrx_word' id='word_1_155' title='bbox 888 3429 972 3485; x_wconf 87' lang='lat' dir='ltr'>aliter</span> <span class='ocrx_word' id='word_1_156' title='bbox 981 3428 1086 3484; x_wconf 90' lang='lat' dir='ltr'>vitium</span> <span class='ocrx_word' id='word_1_157' title='bbox 1095 3443 1199 3484; x_wconf 87' lang='lat' dir='ltr'>sanare</span> <span class='ocrx_word' id='word_1_158' title='bbox 1210 3429 1386 3483; x_wconf 87' lang='lat' dir='ltr'>conatusest</span> 
     </span>
     <span class='ocr_line' id='line_1_22' title="bbox 248 3516 1380 3589; baseline -0.002 -16"><span class='ocrx_word' id='word_1_159' title='bbox 248 3519 436 3575; x_wconf 88' lang='lat' dir='ltr'>restituendo:</span> <span class='ocrx_word' id='word_1_160' title='bbox 448 3532 501 3589; x_wconf 89' lang='lat' dir='ltr'>„ne</span> <span class='ocrx_word' id='word_1_161' title='bbox 513 3516 666 3582; x_wconf 66' lang='grc' dir='ltr'>ἀπίθανον</span> <span class='ocrx_word' id='word_1_162' title='bbox 684 3519 768 3574; x_wconf 84' lang='lat' dir='ltr'>fleret</span> <span class='ocrx_word' id='word_1_163' title='bbox 777 3519 822 3582; x_wconf 88' lang='lat' dir='ltr'>(si)</span> <span class='ocrx_word' id='word_1_164' title='bbox 833 3518 1036 3574; x_wconf 90' lang='lat' dir='ltr'>Philumenam</span> <span class='ocrx_word' id='word_1_165' title='bbox 1043 3519 1172 3587; x_wconf 89' lang='lat' dir='ltr'>spretam</span> <span class='ocrx_word' id='word_1_166' title='bbox 1179 3517 1340 3585; x_wconf 88' lang='lat' dir='ltr'>relinquere</span> <span class='ocrx_word' id='word_1_167' title='bbox 1354 3545 1380 3554; x_wconf 85' lang='lat'>—</span> 
     </span>
     <span class='ocr_line' id='line_1_23' title="bbox 249 3605 1386 3676; baseline -0.003 -14"><span class='ocrx_word' id='word_1_168' title='bbox 249 3609 273 3672; x_wconf 78' lang='lat' dir='ltr'>(t</span> <span class='ocrx_word' id='word_1_169' title='bbox 334 3607 453 3672; x_wconf 81' lang='lat' dir='ltr'>scilicet)</span> <span class='ocrx_word' id='word_1_170' title='bbox 480 3607 544 3662; x_wconf 90' lang='lat' dir='ltr'>sine</span> <span class='ocrx_word' id='word_1_171' title='bbox 571 3621 677 3675; x_wconf 90' lang='lat' dir='ltr'>sponso</span> <span class='ocrx_word' id='word_1_172' title='bbox 706 3607 783 3676; x_wconf 86' lang='lat' dir='ltr'>eqe.”</span> <span class='ocrx_word' id='word_1_173' title='bbox 820 3608 942 3663; x_wconf 84' lang='lat' dir='ltr'>Scholiis</span> <span class='ocrx_word' id='word_1_174' title='bbox 961 3607 1073 3663; x_wconf 88' lang='lat' dir='ltr'>collatis</span> <span class='ocrx_word' id='word_1_175' title='bbox 1091 3607 1126 3661; x_wconf 88' lang='lat' dir='ltr'>ad</span> <span class='ocrx_word' id='word_1_176' title='bbox 1147 3605 1323 3661; x_wconf 71' lang='lat' dir='ltr'>Audiit.</span> <span class='ocrx_word' id='word_1_177' title='bbox 1344 3606 1386 3673; x_wconf 86' lang='lat'>16,</span> 
     </span>
     <span class='ocr_line' id='line_1_24' title="bbox 247 3694 1385 3766; baseline -0.005 -14"><span class='ocrx_word' id='word_1_178' title='bbox 247 3695 320 3752; x_wconf 79' lang='lat' dir='ltr'>Heu.</span> <span class='ocrx_word' id='word_1_179' title='bbox 336 3695 401 3751; x_wconf 77' lang='lat' dir='ltr'>La.</span> <span class='ocrx_word' id='word_1_180' title='bbox 417 3697 460 3766; x_wconf 89' lang='grc'>63,</span> <span class='ocrx_word' id='word_1_181' title='bbox 477 3695 551 3751; x_wconf 80' lang='lat' dir='ltr'>Eun.</span> <span class='ocrx_word' id='word_1_182' title='bbox 563 3695 600 3751; x_wconf 84' lang='lat'>11.</span> <span class='ocrx_word' id='word_1_183' title='bbox 611 3697 636 3752; x_wconf 91' lang='lat'>3.</span> <span class='ocrx_word' id='word_1_184' title='bbox 646 3697 671 3752; x_wconf 84' lang='lat'>5.</span> <span class='ocrx_word' id='word_1_185' title='bbox 682 3697 718 3752; x_wconf 87' lang='grc'>68</span> <span class='ocrx_word' id='word_1_186' title='bbox 727 3698 781 3752; x_wconf 80' lang='lat' dir='ltr'>Ad.</span> <span class='ocrx_word' id='word_1_187' title='bbox 791 3695 841 3752; x_wconf 89' lang='lat' dir='ltr'>IV.</span> <span class='ocrx_word' id='word_1_188' title='bbox 852 3698 877 3752; x_wconf 86' lang='lat'>5.</span> <span class='ocrx_word' id='word_1_189' title='bbox 888 3698 931 3764; x_wconf 83' lang='lat'>20,</span> <span class='ocrx_word' id='word_1_190' title='bbox 941 3697 1044 3765; x_wconf 88' lang='lat' dir='ltr'>inquit,</span> <span class='ocrx_word' id='word_1_191' title='bbox 1062 3695 1215 3758; x_wconf 65' lang='grc' dir='ltr'>ἀπίθανον</span> <span class='ocrx_word' id='word_1_192' title='bbox 1234 3694 1385 3762; x_wconf 84' lang='lat' dir='ltr'>temptavi,</span> 
     </span>
     <span class='ocr_line' id='line_1_25' title="bbox 248 3783 1385 3863; baseline -0.003 -24"><span class='ocrx_word' id='word_1_193' title='bbox 248 3785 316 3853; x_wconf 91' lang='lat' dir='ltr'>quia</span> <span class='ocrx_word' id='word_1_194' title='bbox 332 3785 405 3840; x_wconf 90' lang='lat' dir='ltr'>mihi</span> <span class='ocrx_word' id='word_1_195' title='bbox 413 3786 528 3841; x_wconf 89' lang='lat' dir='ltr'>videtur</span> <span class='ocrx_word' id='word_1_196' title='bbox 537 3785 669 3840; x_wconf 87' lang='lat' dir='ltr'>Donatus</span> <span class='ocrx_word' id='word_1_197' title='bbox 680 3786 711 3840; x_wconf 88' lang='lat' dir='ltr'>in</span> <span class='ocrx_word' id='word_1_198' title='bbox 723 3783 877 3863; x_wconf 65' lang='grc' dir='ltr'>ἀντιθέτῳ</span> <span class='ocrx_word' id='word_1_199' title='bbox 887 3785 986 3841; x_wconf 89' lang='lat' dir='ltr'>ludere</span> <span class='ocrx_word' id='word_1_200' title='bbox 996 3784 1197 3839; x_wconf 81' lang='lat' dir='ltr'>Philumenam</span> <span class='ocrx_word' id='word_1_201' title='bbox 1211 3812 1239 3820; x_wconf 96' lang='lat'>-</span> <span class='ocrx_word' id='word_1_202' title='bbox 1250 3784 1385 3852; x_wconf 81' lang='lat' dir='ltr'>sprctam.</span> 
     </span>
     <span class='ocr_line' id='line_1_26' title="bbox 247 3872 1384 3943; baseline -0.002 -15"><span class='ocrx_word' id='word_1_203' title='bbox 247 3874 316 3929; x_wconf 90' lang='lat' dir='ltr'>Mihi</span> <span class='ocrx_word' id='word_1_204' title='bbox 344 3875 459 3941; x_wconf 93' lang='lat' dir='ltr'>quidem</span> <span class='ocrx_word' id='word_1_205' title='bbox 478 3873 603 3942; x_wconf 85' lang='lat' dir='ltr'>suspicio</span> <span class='ocrx_word' id='word_1_206' title='bbox 621 3873 752 3930; x_wconf 89' lang='lat' dir='ltr'>Nencinii</span> <span class='ocrx_word' id='word_1_207' title='bbox 770 3888 874 3942; x_wconf 89' lang='lat' dir='ltr'>parum</span> <span class='ocrx_word' id='word_1_208' title='bbox 893 3872 1047 3943; x_wconf 87' lang='lat' dir='ltr'>probabilis</span> <span class='ocrx_word' id='word_1_209' title='bbox 1065 3874 1190 3939; x_wconf 87' lang='lat' dir='ltr'>videtur,</span> <span class='ocrx_word' id='word_1_210' title='bbox 1208 3873 1285 3941; x_wconf 92' lang='lat' dir='ltr'>quod</span> <span class='ocrx_word' id='word_1_211' title='bbox 1304 3885 1384 3939; x_wconf 82' lang='lat' dir='ltr'>argu-</span> 
     </span>
     <span class='ocr_line' id='line_1_27' title="bbox 247 3959 1386 4031; baseline 0.009 -13"><span class='ocrx_word' id='word_1_212' title='bbox 247 3963 382 4018; x_wconf 88' lang='lat' dir='ltr'>mentum</span> <span class='ocrx_word' id='word_1_213' title='bbox 397 3963 433 4018; x_wconf 87' lang='lat' dir='ltr'>ab</span> <span class='ocrx_word' id='word_1_214' title='bbox 450 3977 484 4017; x_wconf 91' lang='lat' dir='ltr'>eo</span> <span class='ocrx_word' id='word_1_215' title='bbox 498 3963 665 4031; x_wconf 80' lang='lat' dir='ltr'>adlegatnm</span> <span class='ocrx_word' id='word_1_216' title='bbox 677 3963 859 4019; x_wconf 87' lang='lat' dir='ltr'>levissimum</span> <span class='ocrx_word' id='word_1_217' title='bbox 870 3965 915 4019; x_wconf 90' lang='lat' dir='ltr'>est</span> <span class='ocrx_word' id='word_1_218' title='bbox 925 3964 955 4018; x_wconf 92' lang='lat' dir='ltr'>et</span> <span class='ocrx_word' id='word_1_219' title='bbox 965 3963 1041 4031; x_wconf 90' lang='lat' dir='ltr'>quod</span> <span class='ocrx_word' id='word_1_220' title='bbox 1052 3959 1205 4024; x_wconf 63' lang='grc' dir='ltr'>ἀπίθανον</span> <span class='ocrx_word' id='word_1_221' title='bbox 1219 3962 1291 4017; x_wconf 88' lang='lat' dir='ltr'>eatis</span> <span class='ocrx_word' id='word_1_222' title='bbox 1300 3961 1386 4027; x_wconf 71' lang='lat' dir='ltr'>lonae</span> 
     </span>
     <span class='ocr_line' id='line_1_28' title="bbox 246 4047 1380 4126; baseline 0.002 -19"><span class='ocrx_word' id='word_1_223' title='bbox 246 4052 355 4107; x_wconf 88' lang='lat' dir='ltr'>recedit</span> <span class='ocrx_word' id='word_1_224' title='bbox 379 4066 397 4106; x_wconf 98' lang='lat' dir='ltr'>a</span> <span class='ocrx_word' id='word_1_225' title='bbox 414 4052 505 4107; x_wconf 91' lang='lat' dir='ltr'>ductu</span> <span class='ocrx_word' id='word_1_226' title='bbox 523 4051 688 4108; x_wconf 87' lang='lat' dir='ltr'>litterarum</span> <span class='ocrx_word' id='word_1_227' title='bbox 705 4053 736 4106; x_wconf 93' lang='lat' dir='ltr'>in</span> <span class='ocrx_word' id='word_1_228' title='bbox 757 4053 861 4108; x_wconf 89' lang='lat' dir='ltr'>codice.</span> <span class='ocrx_word' id='word_1_229' title='bbox 897 4053 996 4107; x_wconf 88' lang='lat' dir='ltr'>Lectio</span> <span class='ocrx_word' id='word_1_230' title='bbox 1017 4049 1137 4118; x_wconf 80' lang='lat' dir='ltr'>vulgata</span> <span class='ocrx_word' id='word_1_231' title='bbox 1159 4047 1380 4126; x_wconf 70' lang='grc' dir='ltr'>τραγικώτερον</span> 
     </span>
     <span class='ocr_line' id='line_1_29' title="bbox 248 4137 1385 4208; baseline -0.004 -12"><span class='ocrx_word' id='word_1_232' title='bbox 248 4143 301 4196; x_wconf 85' lang='lat' dir='ltr'>est.</span> <span class='ocrx_word' id='word_1_233' title='bbox 328 4140 490 4198; x_wconf 87' lang='lat' dir='ltr'>Diiudicare</span> <span class='ocrx_word' id='word_1_234' title='bbox 514 4155 574 4196; x_wconf 89' lang='lat' dir='ltr'>non</span> <span class='ocrx_word' id='word_1_235' title='bbox 592 4143 695 4205; x_wconf 87' lang='lat' dir='ltr'>ausim,</span> <span class='ocrx_word' id='word_1_236' title='bbox 720 4141 821 4196; x_wconf 88' lang='lat' dir='ltr'>utrum</span> <span class='ocrx_word' id='word_1_237' title='bbox 838 4141 911 4196; x_wconf 89' lang='lat' dir='ltr'>haec</span> <span class='ocrx_word' id='word_1_238' title='bbox 929 4140 968 4196; x_wconf 89' lang='lat' dir='ltr'>eit</span> <span class='ocrx_word' id='word_1_239' title='bbox 986 4138 1156 4208; x_wconf 87' lang='lat' dir='ltr'>corruptela,</span> <span class='ocrx_word' id='word_1_240' title='bbox 1175 4153 1213 4193; x_wconf 90' lang='lat' dir='ltr'>an</span> <span class='ocrx_word' id='word_1_241' title='bbox 1232 4137 1385 4206; x_wconf 86' lang='lat' dir='ltr'>explicatio</span> 
     </span>
     <span class='ocr_line' id='line_1_30' title="bbox 247 4227 975 4299; baseline 0.011 -14"><span class='ocrx_word' id='word_1_242' title='bbox 247 4229 346 4299; x_wconf 87' lang='lat' dir='ltr'>altera,</span> <span class='ocrx_word' id='word_1_243' title='bbox 365 4243 440 4298; x_wconf 86' lang='lat' dir='ltr'>quaa</span> <span class='ocrx_word' id='word_1_244' title='bbox 456 4229 524 4286; x_wconf 90' lang='lat' dir='ltr'>olim</span> <span class='ocrx_word' id='word_1_245' title='bbox 543 4231 663 4287; x_wconf 85' lang='lat' dir='ltr'>extabat</span> <span class='ocrx_word' id='word_1_246' title='bbox 679 4230 764 4286; x_wconf 86' lang='lat' dir='ltr'>iuxta</span> <span class='ocrx_word' id='word_1_247' title='bbox 786 4227 975 4294; x_wconf 58' lang='lat' dir='ltr'>aeratam.</span> 
     </span>
    </p>
   </div>
   <div class='ocr_carea' id='block_1_6' title="bbox 0 0 1688 5046">
    <p class='ocr_par' dir='ltr' id='par_1_6' title="bbox 0 0 1688 5046">
     <span class='ocr_line' id='line_1_31' title="bbox 0 0 1688 5046; baseline 0 2"><span class='ocrx_word' id='word_1_248' title='bbox 0 0 1688 5046; x_wconf 95' lang='lat' dir='ltr'> </span> 
     </span>
    </p>
   </div>
  </div>
 </body>
</html>
