3386 5046
836 561 873 617 ia

306 747 346 806 M.
368 747 460 805 Minis
483 746 598 819 viginti
620 747 656 804 tu
677 745 767 804 illam
790 746 898 804 emisti
921 747 1077 819 (quaeres
1092 746 1150 806 tibi
1165 749 1274 807 vortat
1289 748 1409 819 maleit:

307 852 440 925 Argenti
461 852 592 910 tantum
614 851 750 912 dabitur.

327 958 469 1030 Denique
498 958 645 1031 apertum
675 959 734 1032 est,
764 960 960 1032 quantopere
982 961 1058 1033 apta
1080 961 1145 1019 sint
1168 976 1215 1034 ea,
1247 976 1329 1034 quae
1349 961 1420 1020 leno

287 1080 399 1124 secum
419 1064 560 1138 loquitur
580 1064 653 1122 inde
676 1079 694 1122 a
715 1079 746 1124 V.
768 1066 815 1138 48,
838 1065 911 1137 post
934 1066 1084 1124 Aeschini
1107 1067 1299 1125 mandatum
1321 1081 1352 1126 v,
1371 1068 1419 1125 42.

338 1172 464 1244 Contra,
494 1171 569 1244 quia
597 1186 693 1229 scena
722 1173 740 1230 2
770 1171 892 1244 optime
919 1173 1037 1245 excipit
1059 1172 1182 1232 lenonis
1204 1173 1418 1246 soliloquium,

286 1279 375 1337 locus
403 1277 456 1335 ille
482 1278 653 1337 Menandro
682 1277 819 1336 adtribui
841 1279 957 1350 potest.
1001 1281 1090 1338 Tunc
1113 1295 1187 1339 vero
1209 1281 1419 1339 statuendum

287 1387 336 1442 est
368 1385 555 1444 Terentium
576 1385 718 1443 nonnihil
741 1385 928 1443 discessisse
950 1386 989 1444 ah
1013 1387 1188 1459 exemplari
1210 1402 1333 1460 graeco.
1375 1388 1420 1446 Ut

285 1493 399 1565 postea
409 1492 598 1565 videbimus,
612 1491 695 1564 apud
707 1492 915 1550 Menandrum
923 1492 994 1552 leno
1002 1493 1093 1566 plura
1101 1508 1176 1552 cum
1184 1495 1419 1567 spectatoribus

286 1599 548 1657 communicabat
571 1599 609 1656 de
629 1599 780 1657 Aeschini
801 1599 904 1657 reditu
927 1599 1061 1672 aliisque
1078 1601 1182 1674 rebus
1200 1601 1232 1658 at
1248 1617 1343 1660 nemo
1355 1617 1419 1660 non

286 1706 371 1763 videt
391 1707 510 1763 mirum
530 1705 637 1778 fuisse,
658 1706 685 1762 si
698 1706 825 1778 Sannio,
839 1720 913 1764 cum
925 1706 980 1764 illa
991 1708 1164 1781 narrasset,
1176 1708 1208 1765 in
1219 1709 1303 1766 hanc
1315 1724 1420 1781 quere·

285 1811 352 1870 lam
364 1813 592 1884 prorumperet.
608 1812 640 1870 Si
647 1813 745 1885 igitur
753 1813 960 1870 Menandrum
970 1815 1126 1886 potiorem
1136 1815 1301 1874 auctorem
1310 1816 1417 1888 ducas

285 1934 316 1978 v.
331 1921 429 1977 cra-ot
449 1920 563 1991 poetae
581 1918 681 1978 latino
695 1920 854 1977 tribuendi
869 1921 955 1995 sunt,
971 1921 1024 1993 qui
1040 1935 1094 1980 eos
1109 1920 1257 1994 praefixit
1272 1922 1418 1980 versibus

286 2027 413 2096 46-54,
437 2025 603 2098 soliloquio
625 2026 767 2099 longiori,
791 2026 873 2098 quod
891 2026 1057 2099 legebatur
1072 2029 1104 2085 in
1119 2028 1270 2101 Adelphis
1286 2029 1418 2104 graecis.

326 2133 480 2205 Equidem
511 2133 543 2190 in
577 2147 649 2190 eam
681 2133 878 2192 sententiam
902 2134 1028 2207 inclino,
1061 2135 1097 2192 ut
1129 2134 1307 2207 Diphileam
1335 2135 1418 2192 hanc

286 2241 412 2312 partem
445 2254 516 2296 esse
543 2239 690 2297 iudicem.
733 2240 870 2312 Etenim,
901 2240 936 2297 ut
962 2255 1046 2298 nunc
1068 2242 1230 2315 sehabet,
1255 2257 1273 2299 a
1294 2242 1417 2315 Diphilo

286 2346 428 2420 prosecta
451 2361 521 2404 esse
543 2347 658 2420 potest,
681 2361 886 2418 nequaquam
898 2361 973 2406 vero
990 2363 1009 2405 a
1023 2348 1203 2420 Menandro,
1219 2349 1281 2406 nisi
1293 2349 1418 2420 quihus·

286 2453 361 2512 dam
393 2454 487 2511 rebus
519 2453 666 2512 mutatis.
709 2454 859 2528 Quaestio
891 2454 1003 2511 tamen
1035 2455 1090 2512 vix
1116 2455 1220 2513 dirimi
1242 2455 1358 2528 potest,
1380 2456 1417 2512 111

286 2575 382 2632 supra
404 2560 486 2632 dixi;
508 2576 594 2634 nam,
619 2575 693 2618 cum
712 2561 795 2634 apud
813 2561 987 2632 utrumque
998 2563 1128 2634 poetam
1140 2561 1263 2621 lenonis
1276 2562 1417 2620 condicio

286 2667 398 2725 eadem
421 2668 507 2725 esset
519 2668 550 2725 et
562 2669 632 2725 tam
649 2668 731 2740 apud
746 2667 907 2740 Diphilum
922 2683 1021 2742 quam
1037 2669 1119 2741 apud
1134 2669 1343 2727 Menandrum
1357 2669 1417 2727 hoc

286 2789 386 2831 unum
417 2775 554 2832 restaret
588 2775 740 2833 Sannioni
782 2775 818 2831 ut
850 2790 949 2846 quam
981 2774 1155 2848 plurimum
1184 2776 1337 2848 pecuniae
1361 2790 1416 2848 pro

286 2880 400 2938 ancilla
419 2882 526 2954 erepta
546 2881 739 2938 adolescenti
758 2882 970 2954 extorqueret,
993 2881 1167 2939 verisimile
1185 2883 1234 2939 est
1254 2883 1415 2955 querelam

286 2988 317 3044 61
338 2987 370 3044 in
392 2987 683 3046 commorientibus
705 2988 736 3044 et
757 2988 790 3045 in
812 2988 962 3060 Adelphis
981 3003 1136 3061 perquam
1151 2989 1291 3046 similem
1307 2989 1416 3048 fuisse.

324 3523 501 3594 Postquam
529 3522 732 3596 investigavi,
763 3537 845 3595 quae
873 3539 892 3582 a
916 3523 1039 3595 Diphilo
1062 3524 1233 3580 mutuatus
1255 3524 1298 3580 sit
1319 3525 1414 3596 poeta

283 3630 413 3703 latinus
444 3645 507 3689 non
538 3631 595 3688 ahs
621 3645 654 3688 re
679 3631 738 3688 erit
759 3632 914 3704 persequi,
939 3647 979 3689 an
1001 3630 1256 3704 interpolationis
1277 3631 1415 3703 vestigia

284 3737 383 3794 etiarn
416 3737 479 3794 alia
509 3737 723 3811 inveniantur,
756 3753 838 3810 quae
870 3736 1067 3810 confirment,
1091 3738 1174 3810 quod
1196 3752 1293 3810 supra
1313 3738 1414 3809 posui.

323 3844 561 3902 Animadvertit
584 3845 693 3902 autem
715 3845 861 3904 Dalatalro
883 3845 984 3904 Praei.
1006 3846 1065 3904 Ad.
1084 3861 1112 3918 p.
1126 3845 1173 3904 11.
1197 3845 1414 3918 Parmenonis,

284 3951 391 4024 quiin
413 3951 452 4010 Π.
477 3953 491 4009 1
516 3952 623 4024 partes
645 3951 815 4024 primarias
838 3953 914 4025 agit,
936 3953 969 4010 in
991 3953 1199 4024 sequentihus
1214 3951 1319 4010 nullas
1335 3966 1414 4024 esse,

283 4058 367 4116 unde
395 4053 498 4115 effecit
526 4058 657 4131 poetam
683 4058 822 4116 latinum
849 4075 964 4132 parum
986 4060 1047 4118 sihi
1069 4060 1263 4132 constitisse,
1287 4059 1416 4116 cumin

284 4165 358 4222 actu
390 4164 421 4222 11
448 4165 683 4224 Parmenonem
710 4165 948 4224 consiliatorem
977 4167 1065 4224 daret
1087 4166 1202 4239 iuveni,
1226 4166 1281 4223 sed
1303 4166 1416 4238 postea

284 4272 411 4343 Syrum.
436 4272 495 4345 ,lis
517 4272 745 4345 widerspricht,
768 4273 880 4346 inquit,
904 4274 957 4330 der
973 4274 1086 4332 Praxis
1101 4287 1232 4332 unserer
1246 4272 1416 4345 Lustspiel-
